%% Created using Papers on Wed, 13 Mar 2013.
%% http://mekentosj.com/papers/

%%%%%%%%%%%%%%%%%%%%%%%%%%%%%%%%%%%%%%%%%%%%%%%%%%%%%%%%%%%%
%% General Math and Mechanics
@book{love1927elasticity,
  title={Elasticity},
  author={Love, AEH},
  year={1927},
  publisher={Dover, New York}
}

@book{MATLAB:2010,
year = {2010},
author = {MATLAB},
title = {version 7.10.0 (R2010a)},
publisher = {The MathWorks Inc.},
address = {Natick, Massachusetts}
}

@book{sundaram1996first,
author = {Sundaram, RK},
title = {{A first course in optimization theory}},
publisher = {Cambridge Univ Pr},
year = {1996}
}

@book{malik1984introduction,
author = {Malik, SC},
title = {{Introduction to convergence}},
publisher = {Wiley},
year = {1984}
}

@book{trench2003introduction,
  title={Introduction to real analysis},
  author={Trench, WF},
  year={2003},
  publisher={Prentice Hall/Pearson Education}
}

@book{ruszczynski2006nonlinear,
  title={Nonlinear optimization},
  author={Ruszczy{\'n}ski, AP},
  volume={13},
  year={2006},
  publisher={Princeton university press}
}

@book{weibull1939phenomenon,
  title={The phenomenon of rupture in solids},
  author={Weibull, W},
  year={1939},
  publisher={Generalstabens Litografiska Anst.}
}

@inproceedings{bazant2001probabilistic,
  title={Probabilistic modeling of quasibrittle fracture and size effect},
  author={Bazant, ZP},
  booktitle={Proc., 8th Int. Conf. on Structural Safety and Reliability (ICOSSAR)},
  pages={1--23},
  year={2001},
  organization={Swets and Zeitinger, Balkema}
}

@book{frisch1962flexible,
  title={Flexible bars},
  author={Frisch-Fay, R},
  chapter={Straight Bar on Unyielding Knife edged Supports},
  year={1962},
  publisher={Butterworths}
}

@book{geremechanics,
  title={Mechanics of materials},
  author={Gere, JM and Timoshenko, SP},
  chapter={Stresses in Beams},
  pages={220--232},
  publisher={PWS Pub. Co., Boston},
  year={1997}
}

@book{hughes2012finite,
  title={The finite element method: linear static and dynamic finite element analysis},
  author={Hughes, TJR},
  year={2012},
  publisher={Courier Dover Publications}
}

@article{malvern1969introduction,
  title={Introduction to Continuum Mechanics},
  author={Malvern, LE},
  journal={Prentice Hall Inc., Engle Cliffs, NJ},
  volume={1696},
  pages={301--320},
  year={1969}
}

@book{golub2012matrix,
  title={Matrix computations},
  author={Golub, GH and Van Loan, CF},
  volume={3},
  year={2012},
  publisher={JHU Press}
}

@misc{abaqustheory,
title={Simulia {ABAQUS} version 6.12, English Documentation},
author={Dassault Syst\`{e}mes, USA 2014}
}

@book{dym1973solid,
  title={Solid mechanics},
  author={Dym, CL and Shames, IH},
  year={1973},
  publisher={Springer}
}

@article{schroder2003invariant,
  title={Invariant formulation of hyperelastic transverse isotropy based on polyconvex free energy functions},
  author={Schr{\"o}der, J and Neff, P},
  journal={International journal of solids and structures},
  volume={40},
  number={2},
  pages={401--445},
  year={2003},
  publisher={Elsevier}
}

%%%%%%%%%%%%%%%%%%%%%%%%%%%%%%%%%%%%%%%%%%%%%%%%%%%%%%%%%%%%
%% Image Processing
@inproceedings{xu1997gradient,
  title={Gradient vector flow: A new external force for snakes},
  author={Xu, C and Prince, JL},
  booktitle={Computer Vision and Pattern Recognition, 1997. Proceedings., 1997 IEEE Computer Society Conference on},
  pages={66--71},
  year={1997},
  organization={IEEE}
}

@article{kass1988snakes,
  title={Snakes: Active contour models},
  author={Kass, M and Witkin, A and Terzopoulos, D},
  journal={International journal of computer vision},
  volume={1},
  number={4},
  pages={321--331},
  year={1988},
  publisher={Springer}
}

@article{kim2005parabola,
  title={New computation of normal vector and curvature},
  author={Kim, H and Kim, H},
  journal={WSEAS Transactions on Computers},
  volume={8},
  number={10},
  pages={1661--1670},
  year={2009},
  publisher={World Scientific and Engineering Academy and Society (WSEAS)}
}

@article{gander1994least,
  title={Least-squares fitting of circles and ellipses},
  author={Gander, W and Golub, GH and Strebel, R},
  journal={BIT Numerical Mathematics},
  volume={34},
  number={4},
  pages={558--578},
  year={1994},
  publisher={Springer}
}

@article{kasa1976circle,
  title={A circle fitting procedure and its error analysis},
  author={Kasa, I},
  journal={Instrumentation and Measurement, IEEE Transactions on},
  volume={1001},
  number={1},
  pages={8--14},
  year={1976},
  publisher={IEEE}
}

@article{poissant2010novel,
  title={A novel "subset splitting" procedure for digital image correlation on discontinuous displacement fields},
  author={Poissant, J and Barthelat, F},
  journal={Experimental mechanics},
  volume={50},
  number={3},
  pages={353--364},
  year={2010},
  publisher={Springer}
}

@inproceedings{richens1992segmentation,
  title={Segmentation by deformable contours of {MRI} sequences of the left ventricle for quantitative analysis},
  author={Richens, D and Rougon, N and Bloch, I and Mousseaux, E},
  booktitle={Image Processing and its Applications, 1992., International Conference on},
  pages={393--396},
  year={1992},
  organization={IET}
}

@inproceedings{teraopoulos1987matching,
booktitle={Topical Meeting on Machine Vision},
title={On matching deformable models to images: Direct and iterative solutions},
author={Terzopoulos, D},
year={1980},
organization={Optical Society of America},
volume={12},
pages={164--167}
}

@inproceedings{menet1990b,
  title={B-snakes: Implementation and application to stereo},
  author={Menet,  S and Saint-Marc, P and Medioni, G},
  booktitle={DARPA Image Understanding Workshop},
  pages={720--726},
  year={1990}
}

@article{pollard1985pmf,
  title={PMF: A stereo correspondence algorithm using a disparity gradient limit},
  author={Pollard, SB and Mayhew, JEW and Frisby, JP},
  journal={Perception},
  volume={14},
  pages={449--470},
  year={1985}
}

%%%%%%%%%%%%%%%%%%%%%%%%%%%%%%%%%%%%%%%%%%%%%%%%%%%%%%%%%%%%
%% Structural Biomaterials Lit Review
@article{mayer2005rigid,
  title={Rigid biological systems as models for synthetic composites},
  author={Mayer, G},
  journal={Science},
  volume={310},
  number={5751},
  pages={1144--1147},
  year={2005},
  publisher={American Association for the Advancement of Science}
}

@article{meyers2013structural,
  title={Structural biological materials: critical mechanics-materials connections},
  author={Meyers, MA and McKittrick, J and Chen, PY},
  journal={Science},
  volume={339},
  number={6121},
  pages={773--779},
  year={2013},
  publisher={American Association for the Advancement of Science}
}

@article{meyers2011biological,
  title={Biological materials: a materials science approach},
  author={Meyers, MA and Chen, PY and Lopez, MI and Seki, Y and Lin, AYM},
  journal={Journal of the mechanical behavior of biomedical materials},
  volume={4},
  number={5},
  pages={626--657},
  year={2011},
  publisher={Elsevier}
}

@article{dunlop2010biological,
  title={Biological composites},
  author={Dunlop, JWC and Fratzl, P},
  journal={Annual Review of Materials Research},
  volume={40},
  pages={1--24},
  year={2010},
  publisher={Annual Reviews}
}

@article{dunlop2011artful,
  title={Artful interfaces within biological materials},
  author={Dunlop, JWC and Weinkamer, R and Fratzl, P},
  journal={Materials Today},
  volume={14},
  number={3},
  pages={70--78},
  year={2011},
  publisher={Elsevier}
}

@article{meyers2006structural,
  title={Structural biological composites: an overview},
  author={Meyers, MA and Lin, AYM and Seki, Y and Chen, PY and Kad, BK and Bodde, S},
  journal={Jom},
  volume={58},
  number={7},
  pages={35--41},
  year={2006},
  publisher={Springer}
}

@article{fratzl2007nature,
  title={Natureâ€™s hierarchical materials},
  author={Fratzl, P and Weinkamer, R},
  journal={Progress in Materials Science},
  volume={52},
  number={8},
  pages={1263--1334},
  year={2007},
  publisher={Elsevier}
}


@article{meyers2008biological,
  title={Biological materials: structure and mechanical properties},
  author={Meyers, MA and Chen, PY and Lin, AYM and Seki, Y},
  journal={Progress in Materials Science},
  volume={53},
  number={1},
  pages={1--206},
  year={2008},
  publisher={Elsevier}
}

@article{chen2008structure,
  title={Structure and mechanical properties of selected biological materials},
  author={Chen, PY and Lin, AYM and Lin, YS and Seki, Y and Stokes, AG and Peyras, J and Olevsky, EA and Meyers, MA and McKittrick, J},
  journal={Journal of the Mechanical Behavior of Biomedical Materials},
  volume={1},
  number={3},
  pages={208--226},
  year={2008},
  publisher={Elsevier}
}

@article{ritchie2011conflicts,
  title={The conflicts between strength and toughness},
  author={Ritchie, RO},
  journal={Nature materials},
  volume={10},
  number={11},
  pages={817--822},
  year={2011},
  publisher={Nature Publishing Group}
}

@article{moes2002non,
  title={Non-planar 3D crack growth by the extended finite element and level sets--Part I: Mechanical model},
  author={Mo{\"e}s, N and Gravouil, A and Belytschko, T},
  journal={International Journal for Numerical Methods in Engineering},
  volume={53},
  number={11},
  pages={2549--2568},
  year={2002},
  publisher={Wiley Online Library}
}


%%%%%%%%%%%%%%%%%%%%%%%%%%%%%%%%%%%%%%%%%%%%%%%%%%%%%%%%%%%%
%% Biomimetics Lit Review
@article{espinosa2009merger,
  title={Merger of structure and material in nacre and bone--Perspectives on< i> de novo</i> biomimetic materials},
  author={Espinosa, HD and Rim, JE and Barthelat, F and Buehler, MJ},
  journal={Progress in Materials Science},
  volume={54},
  number={8},
  pages={1059--1100},
  year={2009},
  publisher={Elsevier}
}

@article{launey2009designing,
  title={Designing highly toughened hybrid composites through nature-inspired hierarchical complexity},
  author={Launey, ME and Munch, E and Alsem, DH and Barth, HB and Saiz, E and Tomsia, AP and Ritchie, RO},
  journal={Acta Materialia},
  volume={57},
  number={10},
  pages={2919--2932},
  year={2009},
  publisher={Elsevier}
}

@article{bouville2014strong,
  title={Strong, tough and stiff bioinspired ceramics from brittle constituents},
  author={Bouville, F and Maire, E and Meille, S and Van de Moort{\`e}le, B and Stevenson, AJ and Deville, S},
  journal={Nature materials},
  volume={13},
  number={5},
  pages={508--514},
  year={2014},
  publisher={Nature Publishing Group}
}

@article{munch2008tough,
  title={Tough, bio-inspired hybrid materials},
  author={Munch, E and Launey, ME and Alsem, DH and Saiz, E and Tomsia, AP and Ritchie, RO},
  journal={Science},
  volume={322},
  number={5907},
  pages={1516--1520},
  year={2008},
  publisher={American Association for the Advancement of Science}
}

@article{tomsia2011nanotechnology,
  title={Nanotechnology approaches for better dental implants},
  author={Tomsia, AP and Launey, ME and Lee, JS and Mankani, MH and Wegst, UGK and Saiz, E},
  journal={The International journal of oral \& maxillofacial implants},
  volume={26},
  number={Suppl},
  pages={25},
  year={2011},
  publisher={NIH Public Access}
}

@article{porter2013biomimetic,
  title={Biomimetic Materials by Freeze Casting},
  author={Porter, MM and Mckittrick, J and Meyers, MA},
  journal={JOM},
  volume={65},
  number={6},
  pages={720--727},
  year={2013},
  publisher={Springer}
}

@book{deyoung2004discovery,
  title={Discovery of Design},
  author={DeYoung, D and Hobbs, D},
publisher={Master Books},
  year={2009}
}

%%%%%%%%%%%%%%%%%%%%%%%%%%%%%%%%%%%%%%%%%%%%%%%%%%%%%%%%%%%%
%% Claus Mattheck axiom of uniform stress
@article{mattheck2006teacher,
  title={Teacher tree: The evolution of notch shape optimization from complex to simple},
  author={Mattheck, C},
  journal={Engineering fracture mechanics},
  volume={73},
  number={12},
  pages={1732--1742},
  year={2006},
  publisher={Elsevier}
}

@article{mattheck1998structural,
  title={The structural optimization of trees},
  author={Mattheck, C and Bethge, K},
  journal={Naturwissenschaften},
  volume={85},
  number={1},
  pages={1--10},
  year={1998},
  publisher={Springer}
}

%%%%%%%%%%%%%%%%%%%%%%%%%%%%%%%%%%%%%%%%%%%%%%%%%%%%%%%%%%%%
%% SPICULE Background and Biology
@article{wood1998reefs,
  title={The ecological evolution of reefs},
  author={Wood, R},
  journal={Annual Review of Ecology and Systematics},
  volume={29},
  pages={179--206},
  year={1998},
  publisher={JSTOR}
}

@book{bergquist1978sponges,
  title={Sponges},
  author={Bergquist, PR},
  pages={220--223},
  year={1978},
  publisher={Univ of California Press}
}

@book{bayer1967invert,
  title={The free-living lower invertebrates},
  author={Bayer, FM and  Owre, HB},
  year={1967},
  pages={9--14},
  publisher={New York: Macmillan}
}

@book{d1963growth,
author = {D'arcy, WT},
title = {{On growth and form}},
publisher = {Cambridge University Press},
year = {1963}
}

%%%%%%%%%%%%%%%%%%%%%%%%%%%%%%%%%%%%%%%%%%%%%%%%%%%%%%%%%%%%
%% Nacre
@article{jackson1988mechanical,
author = {Jackson, AP and Vincent, JFV and Turner, RM},
title = {{The mechanical design of nacre}},
journal = {Proceedings of the Royal society of London. Series B. Biological sciences},
year = {1988},
volume = {234},
number = {1277},
pages = {415--440}
}

@article{Currey:1977wf,
author = {Currey, JD},
title = {{Mechanical properties of mother of pearl in tension}},
journal = {Proceedings of the Royal Society B: Biological Sciences},
year = {1977},
volume={196},
number={1125},
pages={443-463}
}

@article{barthelat2007experimental,
  title={An experimental investigation of deformation and fracture of nacre--mother of pearl},
  author={Barthelat, F and Espinosa, HD},
  journal={Experimental mechanics},
  volume={47},
  number={3},
  pages={311--324},
  year={2007},
  publisher={Springer}
}

@article{barthelat2007mechanics,
  title={On the mechanics of mother-of-pearl: a key feature in the material hierarchical structure},
  author={Barthelat, F and Tang, H and Zavattieri, PD and Li, C-M and Espinosa, HD},
  journal={Journal of the Mechanics and Physics of Solids},
  volume={55},
  number={2},
  pages={306--337},
  year={2007},
  publisher={Elsevier}
}

@article{smith1999molecular,
  title={Molecular mechanistic origin of the toughness of natural adhesives, fibres and composites},
  author={Smith, BL and Sch{\"a}ffer, TE and Viani, M and Thompson, JB and Frederick, NA and Kindt, J and Belcher, A and Stucky, GD and Morse, DE and Hansma, PK},
  journal={Nature},
  volume={399},
  number={6738},
  pages={761--763},
  year={1999},
  publisher={Nature Publishing Group}
}

@article{meyers2008mechanical,
  title={Mechanical strength of abalone nacre: role of the soft organic layer},
  author={Meyers, MA and Lin, AYM and Chen, PY and Muyco, J},
  journal={Journal of the Mechanical behavior of biomedical materials},
  volume={1},
  number={1},
  pages={76--85},
  year={2008},
  publisher={Elsevier}
}

@article{li2004nanoscale,
  title={Nanoscale structural and mechanical characterization of a natural nanocomposite material: the shell of red abalone},
  author={Li, X and Chang, WC and Chao, YJ and Wang, R and Chang, M},
  journal={Nano Letters},
  volume={4},
  number={4},
  pages={613--617},
  year={2004},
  publisher={ACS Publications}
}

@article{lin2006mechanical,
  title={Mechanical properties and structure of Strombus gigas, Tridacna gigas, and Haliotis rufescens sea shells: a comparative study},
  author={Lin, AYM and Meyers, MA and Vecchio, KS},
  journal={Materials Science and Engineering: C},
  volume={26},
  number={8},
  pages={1380--1389},
  year={2006},
  publisher={Elsevier}
}

@article{chen2013bio,
  title={Bio-mimetic mechanisms of natural hierarchical materials: a review},
  author={Chen, Q and Pugno, NM},
  journal={journal of the mechanical behavior of biomedical materials},
  volume={19},
  pages={3--33},
  year={2013},
  publisher={Elsevier}
}

@inproceedings{sarikaya1989mechanical,
  title={Mechanical property-microstructural relationships in abalone shell},
  author={Sarikaya, M and Gunnison, KE and Yasrebi, M and Aksay, IA},
  booktitle={MRS Proceedings},
  volume={174},
  pages={109},
  year={1989},
  organization={Cambridge Univ Press}
}

@article{currey1976further,
  title={Further studies on the mechanical properties of mollusc shell material},
  author={Currey, JD},
  journal={Journal of Zoology},
  volume={180},
  number={4},
  pages={445--453},
  year={1976},
  publisher={Wiley Online Library}
}

@article{tang2007elasto,
  title={An elasto-viscoplastic interface model for investigating the constitutive behavior of nacre},
  author={Tang, H and Barthelat, F and Espinosa, HD},
  journal={Journal of the Mechanics and Physics of Solids},
  volume={55},
  number={7},
  pages={1410--1438},
  year={2007},
  publisher={Elsevier}
}

@article{wang2001deformation,
  title={Deformation mechanisms in nacre},
  author={Wang, RZ and Suo, Z and Evans, AG and Yao, N and Aksay, IA},
  journal={Journal of Materials Research},
  volume={16},
  number={09},
  pages={2485--2493},
  year={2001},
  publisher={Cambridge Univ Press}
}

@article{barthelat2011toughness,
  title={Toughness amplification in natural composites},
  author={Barthelat, F and Rabiei, R},
  journal={Journal of the Mechanics and Physics of Solids},
  volume={59},
  number={4},
  pages={829--840},
  year={2011},
  publisher={Elsevier}
}

@incollection{rabiei2012nacre,
booktitle={Natural Polymers},
editor={John, MJ and Thomas, S},
  title={Nacre from Mollusk Shells: Inspiration for High-performance Nanocomposites},
  author={Rabiei, R and Bekah, S and Barthelat, F},
  volume={2},
  pages={113--146},
  year={2012},
  publisher={Royal Society of Chemistry},
  series={Green Chemistry}
}

%%%%%%%%%%%%%%%%%%%%%%%%%%%%%%%%%%%%%%%%%%%%%%%%%%%%%%%%%%%%
%% Cellular solids and twisted plywood
@article{deshpande2001foam,
  title={Foam topology: bending versus stretching dominated architectures},
  author={Deshpande, VS and Ashby, MF and Fleck, NA},
  journal={Acta Materialia},
  volume={49},
  number={6},
  pages={1035--1040},
  year={2001},
  publisher={Elsevier}
}

@article{dawson2007optimization,
  title={Optimization of cylindrical shells with compliant cores},
  author={Dawson, MA and Gibson, LJ},
  journal={International journal of solids and structures},
  volume={44},
  number={3},
  pages={1145--1160},
  year={2007},
  publisher={Elsevier}
}

@article{gibson2005biomechanics,
  title={Biomechanics of cellular solids},
  author={Gibson, LJ},
  journal={Journal of biomechanics},
  volume={38},
  number={3},
  pages={377--399},
  year={2005},
  publisher={Elsevier}
}

@article{Weaver08062012,
author = {Weaver, JC and Milliron, GW and , A and Evans-Lutterodt, K and Herrera, S and Gallana, I and Mershon, WJ and Swanson, B and Zavattieri, P and DiMasi, E and Kisailus, D},
title = {The Stomatopod Dactyl Club: A Formidable Damage-Tolerant Biological Hammer},
volume = {336},
number = {6086},
pages = {1275--1280},
year = {2012},
journal = {Science}
}

%%%%%%%%%%%%%%%%%%%%%%%%%%%%%%%%%%%%%%%%%%%%%%%%%%%%%%%%%%%%
%% Teeth
@article{nalla2003fracture,
  title={On the fracture of human dentin: Is it stress-or strain-controlled?},
  author={Nalla, RK and Kinney, JH and Ritchie, RO},
  journal={Journal of Biomedical Materials Research Part A},
  volume={67},
  number={2},
  pages={484--495},
  year={2003},
  publisher={Wiley Online Library}
}

@article{imbeni2005dentin,
  title={The dentin--enamel junction and the fracture of human teeth},
  author={Imbeni, V and Kruzic, JJ and Marshall, GW and Marshall, SJ and Ritchie, RO},
  journal={Nature materials},
  volume={4},
  number={3},
  pages={229--232},
  year={2005},
  publisher={Nature Publishing Group}
}

@article{zhang2014review,
  title={Review of research on the mechanical properties of the human tooth},
  author={Zhang, YR and Du, W and Zhou, XD and Yu, HY},
  journal={International journal of oral science},
  year={2014},
  publisher={Nature Publishing Group}
}

@article{lawn2009analysis,
  title={Analysis of fracture and deformation modes in teeth subjected to occlusal loading},
  author={Lawn, BR and Lee, JJW},
  journal={Acta Biomaterialia},
  volume={5},
  number={6},
  pages={2213--2221},
  year={2009},
  publisher={Elsevier}
}

@article{kwon2009fracture,
  title={Fracture modes in human teeth},
  author={Kwon, JY and Chai, H and Lucas, PW and Thompson, VP and Lawn, BR},
  journal={Journal of dental research},
  volume={88},
  number={3},
  pages={224--228},
  year={2009},
  publisher={SAGE Publications}
}

@article{chai2009simple,
  title={A simple model for enamel fracture from margin cracks},
  author={Chai, H and Lee, JJW and Kwon, JY and Lucas, PW and Lawn, BR},
  journal={Acta Biomaterialia},
  volume={5},
  number={5},
  pages={1663--1667},
  year={2009},
  publisher={Elsevier}
}


%%%%%%%%%%%%%%%%%%%%%%%%%%%%%%%%%%%%%%%%%%%%%%%%%%%%%%%%%%%%
%% Bone
@article{gao2003materials,
  title={Materials become insensitive to flaws at nanoscale: lessons from nature},
  author={Gao, H and Ji, B and J{\"a}ger, IL and Arzt, E and Fratzl, P},
  journal={Proceedings of the national Academy of Sciences},
  volume={100},
  number={10},
  pages={5597--5600},
  year={2003},
  publisher={National Acad Sciences}
}

@article{jager2000mineralized,
  title={Mineralized collagen fibrils: a mechanical model with a staggered arrangement of mineral particles},
  author={J{\"a}ger, IL and Fratzl, P},
  journal={Biophysical Journal},
  volume={79},
  number={4},
  pages={1737--1746},
  year={2000},
  publisher={Elsevier}
}

@article{reilly1975elastic,
  title={The elastic and ultimate properties of compact bone tissue},
  author={Reilly, DT and Burstein, AH},
  journal={Journal of biomechanics},
  volume={8},
  number={6},
  pages={393--405},
  year={1975},
  publisher={Elsevier}
}

@article{fratzl2004structure,
  title={Structure and mechanical quality of the collagen--mineral nano-composite in bone},
  author={Fratzl, P and Gupta, HS and Paschalis, EP and Roschger, P},
  journal={Journal of Materials Chemistry},
  volume={14},
  number={14},
  pages={2115--2123},
  year={2004},
  publisher={Royal Society of Chemistry}
}

@article{currey2003well,
  title={How well are bones designed to resist fracture?},
  author={Currey, JD},
  journal={Journal of Bone and Mineral Research},
  volume={18},
  number={4},
  pages={591--598},
  year={2003},
  publisher={Wiley Online Library}
}

@article{weiner1998material,
  title={The material bone: structure-mechanical function relations},
  author={Weiner, A and Wagner, HD},
  journal={Annual Review of Materials Science},
  volume={28},
  number={1},
  pages={271--298},
  year={1998},
  publisher={Annual Reviews 4139 El Camino Way, PO Box 10139, Palo Alto, CA 94303-0139, USA}
}

@article{gupta2006cooperative,
  title={Cooperative deformation of mineral and collagen in bone at the nanoscale},
  author={Gupta, HS and Seto, J and Wagermaier, W and Zaslansky, P and Boesecke, P and Fratzl, P},
  journal={Proceedings of the National Academy of Sciences},
  volume={103},
  number={47},
  pages={17741--17746},
  year={2006},
  publisher={National Acad Sciences}
}

@article{jaslow1990mechanical,
  title={Mechanical properties of cranial sutures},
  author={Jaslow, CR},
  journal={Journal of biomechanics},
  volume={23},
  number={4},
  pages={313--321},
  year={1990},
  publisher={Elsevier}
}

%%%%%%%%%%%%%%%%%%%%%%%%%%%%%%%%%%%%%%%%%%%%%%%%%%%%%%%%%%%%
%% Spider Silk

@article{blackledge2009super,
  title={How super is supercontraction? Persistent versus cyclic responses to humidity in spider dragline silk},
  author={Blackledge, TA and Boutry, C and Wong, S-C and Baji, A and Dhinojwala, A and Sahni, V and Agnarsson, I},
  journal={Journal of Experimental Biology},
  volume={212},
  number={13},
  pages={1981--1989},
  year={2009},
  publisher={The Company of Biologists Ltd}
}

@article{guinea2005stretching,
  title={Stretching of supercontracted fibers: a link between spinning and the variability of spider silk},
  author={Guinea, GV and Elices, M and P{\'e}rez-Rigueiro, J and Plaza, GR},
  journal={Journal of experimental biology},
  volume={208},
  number={1},
  pages={25--30},
  year={2005},
  publisher={The Company of Biologists Ltd}
}

@article{madsen1999variability,
  title={Variability in the mechanical properties of spider silks on three levels: interspecific, intraspecific and intraindividual},
  author={Madsen, B and Shao, ZZ and Vollrath, F},
  journal={International Journal of Biological Macromolecules},
  volume={24},
  number={2},
  pages={301--306},
  year={1999},
  publisher={Elsevier}
}

@article{perez2001tensile,
  title={Tensile properties of Argiope trifasciata drag line silk obtained from the spider's web},
  author={P{\'e}rez-Rigueiro, J and Elices, M and Llorca, J and Viney, C},
  journal={Journal of Applied Polymer Science},
  volume={82},
  number={9},
  pages={2245--2251},
  year={2001},
  publisher={Wiley Online Library}
}

@article{elices2005finding,
  title={Finding inspiration in Argiope trifasciata spider silk fibers},
  author={Elices, M and Guinea, GV and P{\'e}rez-Rigueiro, J and Plaza, GR},
  journal={JOM},
  volume={57},
  number={2},
  pages={60--66},
  year={2005},
  publisher={Springer}
}

@article{gosline1999mechanical,
  title={The mechanical design of spider silks: from fibroin sequence to mechanical function},
  author={Gosline, JM and Guerette, PA and Ortlepp, CS and Savage, KN},
  journal={Journal of Experimental Biology},
  volume={202},
  number={23},
  pages={3295--3303},
  year={1999},
  publisher={The Company of Biologists Ltd}
}

@article{blackledge2005quasistatic,
  title={Quasistatic and continuous dynamic characterization of the mechanical properties of silk from the cobweb of the black widow spider Latrodectus hesperus},
  author={Blackledge, TA and Swindeman, JE and Hayashi, CY},
  journal={Journal of Experimental Biology},
  volume={208},
  number={10},
  pages={1937--1949},
  year={2005},
  publisher={The Company of Biologists Ltd}
}

@article{denny1976physical,
  title={The physical properties of spider's silk and their role in the design of orb-webs},
  author={Denny, M},
  journal={J. exp. Biol},
  volume={65},
  number={2},
  pages={483--506},
  year={1976},
  publisher={Citeseer}
}

@article{ko2004modeling,
  title={Modeling of mechanical properties and structural design of spider web},
  author={Ko, FK and Jovicic, J},
  journal={Biomacromolecules},
  volume={5},
  number={3},
  pages={780--785},
  year={2004},
  publisher={ACS Publications}
}

%%%%%%%%%%%%%%%%%%%%%%%%%%%%%%%%%%%%%%%%%%%%%%%%%%%%%%%%%%%%
%% Fish Scales
@article{browning2013mechanics,
  title={Mechanics of composite elasmoid fish scale assemblies and their bioinspired analogues},
  author={Browning, A and Ortiz, C and Boyce, MC},
  journal={Journal of the mechanical behavior of biomedical materials},
  volume={19},
  pages={75--86},
  year={2013},
  publisher={Elsevier}
}

@article{yang2013structure,
  title={Structure and fracture resistance of alligator gar (< i> Atractosteus spatula</i>) armored fish scales},
  author={Yang, W and Gludovatz, B and Zimmermann, EA and Bale, HA and Ritchie, RO and Meyers, MA},
  journal={Acta biomaterialia},
  volume={9},
  number={4},
  pages={5876--5889},
  year={2013},
  publisher={Elsevier}
}

%%%%%%%%%%%%%%%%%%%%%%%%%%%%%%%%%%%%%%%%%%%%%%%%%%%%%%%%%%%%
%% Testing of Fibers (GEN MECH TESTING)
@article{greenwood1974compressive,
  title={Compressive behaviour of Kevlar 49 fibres and composites},
  author={Greenwood, JH and Rose, PG},
  journal={Journal of materials science},
  volume={9},
  number={11},
  pages={1809--1814},
  year={1974},
  publisher={Springer}
}

@article{bos2002tensile,
  title={Tensile and compressive properties of flax fibres for natural fibre reinforced composites},
  author={Bos, HL and Van Den Oever, MJA and Peters, OCJJ},
  journal={Journal of Materials Science},
  volume={37},
  number={8},
  pages={1683--1692},
  year={2002},
  publisher={Springer}
}

@article{jimavsnez2013failure,
  title={Failure of carbon fibers at a crease in a fiber-reinforced silicone sheet},
  author={Jim\'{e}nez, FL and Pellegrino, S},
  journal={Journal of Applied Mechanics},
  volume={80},
  number={1},
  pages={011020},
  year={2013},
  publisher={American Society of Mechanical Engineers}
}

@article{sinclair1950bending,
  title={A bending method for measurement of the tensile strength and Young's modulus of glass fibers},
  author={Sinclair, D},
  journal={Journal of Applied Physics},
  volume={21},
  number={5},
  pages={380--386},
  year={1950},
  publisher={AIP Publishing}
}

  @misc{instronloadcell,
   author = "Instron",
   title = "Load Cells",
   year = "2014",
   howpublished = "\url{http://www.instron.us/wa/acc_catalog/subcat_list.aspx?gid=2&gname=Load+Cells}",
   note = "[Online; accessed 1-July-2014]"
 }

  @misc{AFMtip,
   author = "Nanoscience Instruments",
   title = "Team Nanotec {LRCH} Large Radius Hemispherical Nanoindentation Probes",
   year = "2014",
   howpublished = "\url{http://store.nanoscience.com/store/pc/viewPrd.asp?idproduct=2226&idcategory=182#Specifications}",
   note = "[Online; accessed 1-July-2014]"
 }

   @misc{AFMspecs,
   author = "Bruker",
   title = "Dimension FastScan Brochure",
   year = "2014",
   howpublished = "\url{http://www.bruker.com/fileadmin/user_upload/8-PDF-Docs/SurfaceAnalysis/AFM/Brochures/Dimension_FastScan_Atomic_Force_Microscope_brochure.pdf}",
   note = "[Online; accessed 1-July-2014]"
 }

 @phdthesis{waters2009contact,
  title={Contact mechanics of biologically-inspired interface geometries},
  author={Waters, JF},
  year={2009},
  school={Brown University}
}

@article{waters2009mode,
  title={Mode-mixity-dependent adhesive contact of a sphere on a plane surface},
  author={Waters, JF and Guduru, PR},
  journal={Proceedings of the Royal Society A: Mathematical, Physical and Engineering Science},
  volume={466},
  number={2117},
  pages={1303-1325},
  year={2010},
  publisher={The Royal Society}
}

%%%%%%%%%%%%%%%%%%%%%%%%%%%%%%%%%%%%%%%%%%%%%%%%%%%%%%%%%%%%
%% Strength of Materials
@article{nix1989mechanical,
  title={Mechanical properties of thin films},
  author={Nix, WD},
  journal={Metallurgical transactions A},
  volume={20},
  number={11},
  pages={2217--2245},
  year={1989},
  publisher={Springer}
}

@article{brenner1959strength,
  title={Strength of gold whiskers},
  author={Brenner, SS},
  journal={Journal of Applied Physics},
  volume={30},
  number={2},
  pages={266--267},
  year={1959},
  publisher={AIP Publishing}
}

@article{salvetat1999mechanical,
  title={Mechanical properties of carbon nanotubes},
  author={Salvetat, J-P and Bonard, J-M and Thomson, NH and Kulik, AJ and Forro, L and Benoit, W and Zuppiroli, L},
  journal={Applied Physics A},
  volume={69},
  number={3},
  pages={255--260},
  year={1999},
  publisher={Springer}
}

@article{brenner1956tensile,
  title={Tensile strength of whiskers},
  author={Brenner, SS},
  journal={Journal of Applied Physics},
  volume={27},
  number={12},
  pages={1484--1491},
  year={1956},
  publisher={AIP Publishing}
}

@book{hosford2010mechanical,
  title={Mechanical behavior of materials},
  author={Hosford, WF},
  year={2010},
  publisher={Cambridge University Press}
}

@book{dieter1986mechanical,
  title={Mechanical metallurgy},
  author={Dieter, GE and Bacon, D},
  volume={3},
  year={1986},
  publisher={McGraw-Hill New York}
}

@book{anderson2005fracture,
  title={Fracture mechanics: fundamentals and applications},
  author={Anderson, TL},
  year={2005},
  publisher={CRC press}
}

@article{silva1997effects,
  title={The effects of non-periodic microstructure and defects on the compressive strength of two-dimensional cellular solids},
  author={Silva, MJ and Gibson, LJ},
  journal={International Journal of Mechanical Sciences},
  volume={39},
  number={5},
  pages={549--563},
  year={1997},
  publisher={Elsevier}
}
@article{chen1999effect,
  title={Effect of imperfections on the yielding of two-dimensional foams},
  author={Chen, C and Lu, TJ and Fleck, NA},
  journal={Journal of the Mechanics and Physics of Solids},
  volume={47},
  number={11},
  pages={2235--2272},
  year={1999},
  publisher={Elsevier}
}

%%%%%%%%%%%%%%%%%%%%%%%%%%%%%%%%%%%%%%%%%%%%%%%%%%%%%%%%%%%%
%% SBs INTRO
@article{wang2014harnessing,
   title={Harnessing Buckling to Design Tunable Locally Resonant Acoustic Metamaterials},
  author={Wang, P and Casadei, F and Shan, S and Weaver,  JC and Bertoldi, K},
  journal={Physical Review Letters},
  volume={113},
  number={1},
  pages={014301},
  year={2014},
  publisher={APS}
}

@article{shan2014harnessing,
  title={Harnessing Multiple Folding Mechanisms in Soft Periodic Structures for Tunable Control of Elastic Waves},
  author={Shan, S and Kang, SH and Wang, P and Qu, C and Shian, S and Chen, ER and Bertoldi, K},
  journal={Advanced Functional Materials},
  year={2014},
  publisher={Wiley Online Library}
}

@article{kang2013buckling,
  title={Buckling-Induced Reversible Symmetry Breaking and Amplification of Chirality Using Supported Cellular Structures},
  author={Kang, SH and Shan, S and Noorduin,  WL and Khan, M and Aizenberg, J and Bertoldi, K},
  journal={Advanced Materials},
  volume={25},
  number={24},
  pages={3380--3385},
  year={2013},
  publisher={Wiley Online Library}
  }

  @article{autumn2002evidence,
  title={Evidence for van der Waals adhesion in gecko setae},
  author={Autumn, K and Sitti, M and Liang, YA and Peattie,  AM and Hansen, WR and Sponberg, S and Kenny, TW and Fearing, R and Israelachvili, JN and Full, RJ},
  journal={Proceedings of the National Academy of Sciences},
  volume={99},
  number={19},
  pages={12252--12256},
  year={2002},
  publisher={National Acad Sciences}
}

@article{sitti2003synthetic,
  title={Synthetic gecko foot-hair micro/nano-structures as dry adhesives},
  author={Sitti, M and Fearing, RS},
  journal={Journal of Adhesion Science and Technology},
  volume={17},
  number={8},
  pages={1055--1073},
  year={2003},
  publisher={Taylor \& Francis}
}

@article{barnes2006dynamic,
  title={Dynamic adhesion in animals: mechanisms and biomimetic implications},
  author={Barnes, WJP},
  journal={Journal of Comparative Physiology A: Neuroethology, Sensory, Neural, and Behavioral Physiology},
  volume={192},
  number={11},
  pages={1165--1168},
  year={2006},
  publisher={Springer}
}

@inproceedings{menon2004gecko,
  title={Gecko inspired surface climbing robots},
  author={Menon, C and Murphy, M and Sitti, M},
  booktitle={Robotics and Biomimetics, 2004. ROBIO 2004. IEEE International Conference on},
  pages={431--436},
  year={2004},
  organization={IEEE}
}

@misc{fontana2011corner,
  title={Corner climber},
  author={Fontana, R and Reinfeld, D},
  year={2011},
  month=jan # "~18",
  publisher={Google Patents},
  note={US Patent 7,871,049}
}

@article{yao2006mechanics,
  title={Mechanics of robust and releasable adhesion in biology: Bottom--up designed hierarchical structures of gecko},
  author={Yao, H and Gao, H},
  journal={Journal of the Mechanics and Physics of Solids},
  volume={54},
  number={6},
  pages={1120--1146},
  year={2006},
  publisher={Elsevier}
}

@article{gao2005mechanics,
  title={Mechanics of hierarchical adhesion structures of geckos},
  author={Gao, H and Wang, X and Yao, H and Gorb, S and Arzt, E},
  journal={Mechanics of Materials},
  volume={37},
  number={2},
  pages={275--285},
  year={2005},
  publisher={Elsevier}
}

%%%%%%%%%%%%%%%%%%%%%%%%%%%%%%%%%%%%%%%%%%%%%%%%%%%%%%%%%%%%
%% Spicule Mech Properties

@article{Weaver:2010ew,
author = {Weaver, JC and Milliron, GW and Allen, P and Miserez, A and Rawal, A and Garay, J and Thurner, PJ and Seto, J and Mayzel, B and Friesen, LJ and Chmelka, BF and Fratzl, P and Aizenberg, J and Dauphin, Y and Kisailus, D and Morse, DE},
title = {{Unifying Design Strategies in Demosponge and Hexactinellid Skeletal Systems}},
journal = {The Journal of Adhesion},
year = {2010},
volume = {86},
number = {1},
pages = {72--95}
}

@article{Miserez:2008wf,
author = {Miserez, A and Weaver, JC and Thurner, PJ},
title = {{Effects of laminate architecture on fracture resistance of sponge biosilica: lessons from nature}},
journal = {Advanced Functional Materials},
volume={18},
number={8},
pages={1241--1248},
year = {2008}
}

@article{levi1989remarkably,
  title={A remarkably strong natural glassy rod: The anchoring spicule of the Monorhaphis sponge},
  author={Levi, C and Barton, JL and Guillemet, C and Bras, E and Lehuede, P},
  journal={Journal of Materials Science Letters},
  volume={8},
  number={3},
  pages={337--339},
  year={1989},
  publisher={Springer}
}

@inproceedings{mayer2004lessons,
  title={Lessons for new classes of inorganic/organic composites from the spicules and skeleton of the sea sponge Euplectella aspergillum},
  author={Mayer, G and Trejo, R and Lara-Curzio, E and Rodriguez, M and Tran, K and Song, H and Ma, WH},
  booktitle={MRS Proceedings},
  volume={844},
  pages={Y4--2},
  year={2004},
  organization={Cambridge Univ Press}
}

@article{johnson2010influence,
  title={Influence of moisture on the mechanical behavior of a natural composite},
  author={Johnson, M and Walter, SL and Flinn, BD and Mayer, G},
  journal={Acta biomaterialia},
  volume={6},
  number={6},
  pages={2181--2188},
  year={2010},
  publisher={Elsevier}
}

@article{walter2007mechanisms,
author = {Walter SL and Flinn BD and Mayer G},
title = {Mechanisms of toughening of a natural rigid composite},
journal = {Materials Science and Engineering: C},
year = {2007},
volume = {27},
number = {3},
pages = {570--574}
}

@article{walter2007effects,
author = {Walter, SL and Flinn, BD and Mayer, G},
title = {Effects of loading rate on the mechanical behavior of a natural rigid composite},
journal = {Acta Biomaterialia},
year = {2007},
volume = {3},
number = {3},
pages = {377--382}
}

@article{woesz2006micromechanical,
author = {Woesz, A and Weaver, JC and Kazanci, M and Dauphin, Y and Aizenberg, J and Morse, DE and Fratzl, P},
title = {{Micromechanical properties of biological silica in skeletons of deep-sea sponges}},
journal = {Journal of materials research},
year = {2006},
volume = {21},
number = {8},
pages = {2068--2078}
}

@article{sarikaya2001biomimetic,
  title={Biomimetic model of a sponge-spicular optical fiber--mechanical properties and structure},
  author={Sarikaya, M and Fong, H and Sunderland, N and Flinn, BD and Mayer, G and Mescher, A and Gaino, E},
  journal={Journal of Materials Research},
  volume={16},
  number={05},
  pages={1420--1428},
  year={2001},
  publisher={Cambridge Univ Press}
}

@article{aluma2011comments,
  title={Comments on a skeleton design paradigm for a demosponge},
  author={Aluma, Y and Ilan, M and Sherman, D},
  journal={Journal of structural biology},
  volume={175},
  number={3},
  pages={415--424},
  year={2011},
  publisher={Elsevier}
}

@article{zlotnikov2013situ,
  title={In situ elastic modulus measurements of ultrathin protein-rich organic layers in biosilica: towards deeper understanding of superior resistance to fracture of biocomposites},
  author={Zlotnikov, I and Shilo, D and Dauphin, Y and Blumtritt, H and Werner, P and Zolotoyabko, E and Fratzl, P},
  journal={RSC Adv.},
  volume={3},
  number={17},
  pages={5798--5802},
  year={2013},
  publisher={The Royal Society of Chemistry}
}

@misc{astmd790,
 title={D790 -- Standard Test Methods for Flexural Properties of Unreinforced and Reinforced Plastics and Electrical Insulating Materials},
 author={ASTM},
publisher={ASTM International},
note={West Conshohocken PA},
year={2010},
howpublished={\url{http://www.astm.org}}
}

%%%%%%%%%%%%%%%%%%%%%%%%%%%%%%%%%%%%%%%%%%%%%%%%%%%%%%%%%%%%
%% Sponge structure
@article{weaver2007hierarchical,
  title={Hierarchical assembly of the siliceous skeletal lattice of the hexactinellid sponge Euplectella aspergillum},
  author={Weaver, JC and Aizenberg, J and Fantner, GE and Kisailus, D and Woesz, A and Allen, P and Fields, K and Porter, MJ and Zok, FW and Hansma, PK and Fratzl, P and Morse, DE},
  journal={Journal of Structural Biology},
  volume={158},
  number={1},
  pages={93--106},
  year={2007},
  publisher={Elsevier}
}

@article{aizenberg2005skeleton,
author = {Aizenberg, J and Weaver, JC and Thanawala, MS and Sundar, VC and Morse, DE and Fratzl, P},
title = {{Skeleton of Euplectella sp.: structural hierarchy from the nanoscale to the macroscale}},
journal = {Science},
year = {2005},
volume = {309},
number = {5732},
pages = {275--278}
}

@article{aizenberg2004biological,
author = {Aizenberg, J and Sundar, VC and Yablon, AD and Weaver, JC and Chen, G},
title = {{Biological glass fibers: Correlation between optical and structural properties}},
journal = {Proceedings of the National Academy of Sciences of the United States of America},
year = {2004},
volume = {101},
number = {10},
pages = {3358--3363}
}

@article{sundar2003fibre,
  title={Fibre-optical features of a glass sponge},
  author={Sundar, VC and Yablon, AD and Grazul, JL and Ilan, M and Aizenberg, J},
  journal={Nature},
  volume={424},
  number={6951},
  pages={899--900},
  year={2003}
}

%%%%%%%%%%%%%%%%%%%%%%%%%%%%%%%%%%%%%%%%%%%%%%%%%%%%%%%%%%%%
%% Spicule Composition
@article{sandford2003physical,
  title={Physical and chemical analysis of the siliceous skeletons in six sponges of two groups (Demospongiae and Hexactinellida)},
  author={Sandford, F},
  journal={Microscopy research and technique},
  volume={62},
  number={4},
  pages={336--355},
  year={2003},
  publisher={Wiley Online Library}
}

@article{neilson2014mesostructure,
  title={Mesostructure from Hydration Gradients in Demosponge Biosilica},
  author={Neilson, JR and George, NC and Murr, MM and Seshadri, R and Morse, DE},
  journal={Chemistry--A European Journal},
  volume={20},
  number={17},
  pages={4956--4965},
  year={2014},
  publisher={Wiley Online Library}
}

@article{weaver2003nanostructural,
  title={Nanostructural features of demosponge biosilica},
  author={Weaver, JC and Pietrasanta, LI and Hedin, N and Chmelka, BF and Hansma, PK and Morse, DE},
  journal={Journal of structural biology},
  volume={144},
  number={3},
  pages={271--281},
  year={2003},
  publisher={Elsevier}
}

%%%%%%%%%%%%%%%%%%%%%%%%%%%%%%%%%%%%%%%%%%%%%%%%%%%%%%%%%%%%
%% Spicule Protein Scaffold
@article{ehrlich2006modern,
  title={A modern approach to demineralization of spicules in glass sponges (Porifera: Hexactinellida) for the purpose of extraction and examination of the protein matrix},
  author={Ehrlich, H and Ereskovskii, AV and Drozdov, AL and Krylova, DD and Hanke, T and Meissner, H and Heinemann, S and Worch, H},
  journal={Russian Journal of Marine Biology},
  volume={32},
  number={3},
  pages={186--193},
  year={2006},
  publisher={Springer}
}

@article{ehrlich2008nanostructural,
  title={Nanostructural organization of naturally occurring composites-- Part {I}: Silica-collagen-based biocomposites},
  author={Ehrlich, H and Heinemann, S and Heinemann, C and Simon, P and Bazhenov, VV and Shapkin, NP and Born, R and Tabachnick, KR and Hanke, T and Worch, Hartmut},
  journal={Journal of Nanomaterials},
  volume={2008},
  number={{1687--4110}},
  pages={53:1--53:8},
  year={2008},
  publisher={Hindawi Publishing Corp.}
}

@article{ehrlich2010mineralization,
  title={Mineralization of the metre-long biosilica structures of glass sponges is templated on hydroxylated collagen},
  author={Ehrlich, H and Deutzmann, R and Brunner, E and Cappellini, E and Koon, H and Solazzo, C and Yang, Y and Ashford, D and Thomas-Oates, J and Lubeck, M and Baessmann, C and Langrock, T and Hoffmann, R and W\"{o}rheide, G and Reitner, J and Simon, P and Tsurkan, M and Ereskovsky, AV and Kurek, D and Bazhenov, VV and Hunoldt, S and Mertig, M and Vyalikh, DV and Molodtsov, SL and Kummer, K and Worch, H and Smetacek, V and Collins, MJ},
  journal={Nature chemistry},
  volume={2},
  number={12},
  pages={1084--1088},
  year={2010},
  publisher={Nature Publishing Group}
}

%%%%%%%%%%%%%%%%%%%%%%%%%%%%%%%%%%%%%%%%%%%%%%%%%%%%%%%%%%%%
%% Spicule Formation
@article{muller2009sponge,
  title={Sponge spicules as blueprints for the biofabrication of inorganic--organic composites and biomaterials},
  author={M{\"u}ller, WEG and Wang, X and Cui, F-Z and Jochum, KP and Tremel, W and Bill, J and Schr{\"o}der, HC and Natalio, F and Schlo{\ss}macher, U and Wiens, M},
  journal={Applied microbiology and biotechnology},
  volume={83},
  number={3},
  pages={397--413},
  year={2009},
  publisher={Springer}
}

@article{wang2012genetic,
  title={Genetic, biological and structural hierarchies during sponge spicule formation: from soft sol--gels to solid 3D silica composite structures},
  author={Wang, X and Schr{\"o}der, HC and Wang, K and Kaandorp, JA and M{\"u}ller, WEG},
  journal={Soft Matter},
  volume={8},
  number={37},
  pages={9501--9518},
  year={2012},
  publisher={Royal Society of Chemistry}
}


%%%%%%%%%%%%%%%%%%%%%%%%%%%%%%%%%%%%%%%%%%%%%%%%%%%%%%%%%%%%
%% Helical Cracks
@article{gillham1968spiral,
  title={Spiral and helical fractures},
  author={Gillham, JK and Reitz, PN},
  journal={Polymer Engineering \& Science},
  volume={8},
  number={3},
  pages={227--234},
  year={1968},
  publisher={Wiley Online Library}
}

@article{sendova2003spiral,
  title={Spiral and curved periodic crack patterns in sol-gel films},
  author={Sendova, M and Willis, K},
  journal={Applied Physics A},
  volume={76},
  number={6},
  pages={957--959},
  year={2003},
  publisher={Springer}
}

@article{cotterell1980slightly,
  title={Slightly curved or kinked cracks},
  author={Cotterell, B and Rice, JR},
  journal={International Journal of Fracture},
  volume={16},
  number={2},
  pages={155--169},
  year={1980},
  publisher={Springer}
}

@article{stazi2003extended,
  title={An extended finite element method with higher-order elements for curved cracks},
  author={Stazi, FL and Budyn, E and Chessa, J and Belytschko, T},
  journal={Computational Mechanics},
  volume={31},
  number={1-2},
  pages={38--48},
  year={2003},
  publisher={Springer}
}

@article{xia2000crack,
  title={Crack patterns in thin films},
  author={Xia, ZC and Hutchinson, JW},
  journal={Journal of the Mechanics and Physics of Solids},
  volume={48},
  number={6},
  pages={1107--1131},
  year={2000},
  publisher={Elsevier}
}

@article{steverding1976helical,
  title={Helical fracture in cylinders},
  author={Steverding, B},
  journal={Engineering Fracture Mechanics},
  volume={8},
  number={4},
  pages={743--746},
  year={1976},
  publisher={Elsevier}
}

%%%%%%%%%%%%%%%%%%%%%%%%%%%%%%%%%%%%%%%%%%%%%%%%%%%%%%%%%%%%
%% Figure Refs
 @misc{eaphoto,
   author = "Mimi B",
   title = "Venus Flower Baskets",
   year = "2014",
   howpublished = "\url{http://mimiberlinblog.wordpress.com/tag/euplectella-aspergillum/}",
   note = "[Online; accessed 26-June-2014]"
 }

  @misc{ wiki:warren,
   author = "Wikipedia",
   title = "Truss bridge --- Wikipedia{,} The Free Encyclopedia",
   year = "2014",
   howpublished = "\url{http://en.wikipedia.org/w/index.php?title=Truss_bridge&oldid=610995714}",
   note = "[Online; accessed 4-June-2014]"
 }

@misc{ eaglefeather,
   author = "Ethics A",
   title = "More Graduation Ethics: The Cap And The Feather",
   year = "2013",
   howpublished = "\url{http://ethicsalarms.files.wordpress.com/2013/06/eagle-feather.jpg}",
   note = "[Online; accessed 1-July-2014]"
 }

@misc{ grassstalk,
   author = "WSU Whatcom County Extension",
   title = "Integrated Pest Management for Raspberries: Quackgrass",
   year = "2014",
   howpublished = "\url{http://whatcom.wsu.edu/ipm/manual/rasp/quackgrass.html}",
   note = "[Online; accessed 1-July-2014]"
 }

 @misc{ geckofoot,
   author = "T{\o}rrissen, BC",
   title = "Gecko Foot on Glass",
   year = "2009",
   howpublished = "\url{http://en.wikipedia.org/wiki/Synthetic_setae#mediaviewer/File:Gecko_foot_on_glass.JPG}",
   note = "[Online; accessed 1-July-2014]"
 }

  @misc{ geckosetae,
   author = "Whittaker, D",
   title = "BEACON Researchers at Work: How do geckos stick to the wall?",
   year = "2011",
   howpublished = "\url{http://beacon-center.org/wp-content/uploads/2011/11/Pic3.jpg}",
   note = "[Online; accessed 1-July-2014]"
 }

@article{vukusic2003morpho,
  title={Photonic structures in biology},
  author={Vukusic, P and Sambles, JR},
  journal={Nature},
  volume={424},
  number={6950},
  pages={852--855},
  year={2003},
  publisher={Nature Publishing Group}
}

@article{lingham2010feather,
  title={Selective biodegradation of keratin matrix in feather rachis reveals classic bioengineering},
  author={Lingham-Soliar, T and Bonser, RHC and Wesley-Smith, J},
  journal={Proceedings of the Royal Society B: Biological Sciences},
  volume={277},
  number={1685},
  pages={1161--1168},
  year={2010},
  publisher={The Royal Society}
}

@article{dawson2007grass,
  title={Optimization of cylindrical shells with compliant cores},
  author={Dawson, MA and Gibson, LJ},
  journal={International journal of solids and structures},
  volume={44},
  number={3},
  pages={1145--1160},
  year={2007},
  publisher={Elsevier}
}

  @misc{scitoons,
   author = "Brown Science Center - SciToons",
   title = "https://www.youtube.com/user/SciToons",
   year = "2014",
   howpublished = "\url{https://www.youtube.com/user/SciToons}",
   note = "[Online; accessed 10-July-2014]"
 }

  @misc{scitoonimpact,
   author = "Adetunji, OO",
   title = "New Directions in Broader Impacts -- Communicating Scientific Research through Science Cartoons ({Sci-Toons})",
   year = "2014",
   howpublished = "\url{http://www.broaderimpacts.net/files/poster_D_Tools_Brown_Adetunji_SciToons_BII2014.pdf}",
   note = "[Online; accessed 10-July-2014]"
 }


@article{borden2012phase,
  title={A phase-field description of dynamic brittle fracture},
  author={Borden, MJ and Verhoosel, CV and Scott, MA and Hughes, TJR and Landis, CM},
  journal={Computer Methods in Applied Mechanics and Engineering},
  volume={217},
  pages={77--95},
  year={2012},
  publisher={Elsevier}
}

@article{schluter2014phase,
  title={Phase field approximation of dynamic brittle fracture},
  author={Schl{\"u}ter, A and Willenb{\"u}cher, A and Kuhn, C and M{\"u}ller, R},
  journal={Computational Mechanics},
  volume={54},
  number={5},
  pages={1141--1161},
  year={2014},
  publisher={Springer}
}


 @article{crisfield1981fast,
  title={A fast incremental/iterative solution procedure that handles ï¿½snap-throughï¿½},
  author={Crisfield, M\_ A\_},
  journal={Computers \& Structures},
  volume={13},
  number={1},
  pages={55--62},
  year={1981},
  publisher={Elsevier}
}


@book{belytschko2013nonlinear,
  title={Nonlinear finite elements for continua and structures},
  author={Belytschko, T and Liu, WK and Moran, B and Elkhodary, K},
  year={2013},
  publisher={John wiley \& sons}
}


@article{underwood1983dynamic,
  title={Dynamic relaxation(in structural transient analysis)},
  author={Underwood, P},
  journal={Computational methods for transient analysis(A 84-29160 12-64). Amsterdam, North-Holland, 1983,},
  pages={245--265},
  year={1983}
}


@article{haseganu1994analysis,
  title={Analysis of partly wrinkled membranes by the method of dynamic relaxation},
  author={Haseganu, EM and Steigmann, DJ},
  journal={Computational Mechanics},
  volume={14},
  number={6},
  pages={596--614},
  year={1994},
  publisher={Springer}
}


@article{taylor2015comparative,
  title={A comparative analysis of numerical approaches to the mechanics of elastic sheets},
  author={Taylor, M and Davidovitch, B and Qiu, Z and Bertoldi, K},
  journal={Journal of the Mechanics and Physics of Solids},
  volume={79},
  pages={92--107},
  year={2015},
  publisher={Elsevier}
}


@article{taylor2014spatial,
  title={Spatial resolution of wrinkle patterns in thin elastic sheets at finite strain},
  author={Taylor, M and Bertoldi, K and Steigmann, DJ},
  journal={Journal of the Mechanics and Physics of Solids},
  volume={62},
  pages={163--180},
  year={2014},
  publisher={Elsevier}
}


@book{de2012nonlinear,
  title={Nonlinear finite element analysis of solids and structures},
  author={De Borst, R and Crisfield, MA and Remmers, JJC and Verhoosel, CV},
  year={2012},
  publisher={John Wiley \& Sons}
}
@article{miehe2010phase,
  title={A phase field model for rate-independent crack propagation: Robust algorithmic implementation based on operator splits},
  author={Miehe, C and Hofacker, M and Welschinger, F},
  journal={Computer Methods in Applied Mechanics and Engineering},
  volume={199},
  number={45},
  pages={2765--2778},
  year={2010},
  publisher={Elsevier}
}

@article{dally2015phase,
  title={The phase-field approach as a tool for experimental validations in fracture mechanics},
  author={Dally, T and Weinberg, K},
  journal={Continuum Mechanics and Thermodynamics},
  pages={1--10},
  year={2015},
  publisher={Springer}
}
@article{bittencourt_1996,
  title={Quasi-automatic simulation of crack propagation for 2D LEFM problems},
  author={Bittencourt, TN and Wawrzynek, PA and Ingraffea, AR and Sousa, JL},
  journal={Engineering Fracture Mechanics},
  volume={55},
  number={2},
  pages={321--334},
  year={1996},
  publisher={Elsevier}
}
@article{rao2003shear,
  title={Shear fracture (Mode II) of brittle rock},
  author={Rao, Q and Sun, Z and Stephansson, O and Li, C and Stillborg, B},
  journal={International Journal of Rock Mechanics and Mining Sciences},
  volume={40},
  number={3},
  pages={355--375},
  year={2003},
  publisher={Elsevier}
}
@article{hakim_2009,
  title={Laws of crack motion and phase-field models of fracture},
  author={Hakim, V and Karma, A},
  journal={Journal of the Mechanics and Physics of Solids},
  volume={57},
  number={2},
  pages={342--368},
  year={2009},
  publisher={Elsevier}
}
@article{chambolle_2005,
  title={Addendum to An approximation result for special functions with bounded deformation.J. Math. Pures Appl.(9) 83 (7)(2004) 929--954]: the N-dimensional case},
  author={Chambolle, A},
  journal={Journal de math{\'e}matiques pures et appliqu{\'e}es},
  volume={84},
  number={1},
  pages={137--145},
  year={2005},
  publisher={Elsevier}
}

@article{griffith1921phenomena,
  title={The phenomena of rupture and flow in solids},
  author={Griffith, AA},
  journal={Philosophical transactions of the royal society of london. Series A, containing papers of a mathematical or physical character},
  volume={221},
  pages={163--198},
  year={1921},
  publisher={JSTOR}
}

@article{bourdin2000numerical,
  title={Numerical experiments in revisited brittle fracture},
  author={Bourdin, B and Francfort, GA and Marigo, JJ},
  journal={Journal of the Mechanics and Physics of Solids},
  volume={48},
  number={4},
  pages={797--826},
  year={2000},
  publisher={Elsevier}
}


@book{braides2002gamma,
  title={Gamma-convergence for Beginners},
  author={Braides, A},
  volume={22},
  year={2002},
  publisher={Clarendon Press}
}

@article{ambrosio_1990b,
  title={Approximation of functional depending on jumps by elliptic functional via ${\mathit \Gamma}$-convergence},
  author={Ambrosio, L and Tortorelli, VM},
  journal={Communications on Pure and Applied Mathematics},
  volume={43},
  number={8},
  pages={999--1036},
  year={1990},
  publisher={Wiley Online Library}
}
@article{francfort_1998,
  title={Revisiting brittle fracture as an energy minimization problem},
  author={Francfort, GA and Marigo, JJ},
  journal={Journal of the Mechanics and Physics of Solids},
  volume={46},
  number={8},
  pages={1319--1342},
  year={1998},
  publisher={Elsevier}
}
@article{bourdin_2008,
  title={The variational approach to fracture},
  author={Bourdin, B and Francfort, GA and Marigo, JJ},
  journal={Journal of elasticity},
  volume={91},
  number={1-3},
  pages={5--148},
  year={2008},
  publisher={Springer}
}
@article{xu_1994,
  title={Numerical simulations of fast crack growth in brittle solids},
  author={Xu, XP and Needleman, A},
  journal={Journal of the Mechanics and Physics of Solids},
  volume={42},
  number={9},
  pages={1397--1434},
  year={1994},
  publisher={Elsevier}
}
@article{dolbow_1999,
  title={A finite element method for crack growth without remeshing},
  author={Dolbow, J and Belytschko, T},
  journal={Int. J. Numer. Meth. Eng},
  volume={46},
  number={1},
  pages={131--150},
  year={1999}
}
@article{erdogan1963crack,
  title={On the crack extension in plates under plane loading and transverse shear},
  author={Erdogan, F and Sih, GC},
  journal={Journal of basic engineering},
  volume={85},
  number={4},
  pages={519--525},
  year={1963},
  publisher={American Society of Mechanical Engineers}
}

@article{monn2015new,
  title={New functional insights into the internal architecture of the laminated anchor spicules of Euplectella aspergillum},
  author={Monn, MA and Weaver, JC and Zhang, T and Aizenberg, J and Kesari, H},
  journal={Proceedings of the National Academy of Sciences},
  volume={112},
  number={16},
  pages={4976--4981},
  year={2015},
  publisher={National Acad Sciences}
}

@article{Monn2016brainless,
  author = {Monn, MA and Kesari, H},
  title = {Brainless yet brilliant: Tethya aurantia's mechanically ingenious spicules},
  journal={Submitted to Nature},
  year={2016}
}

@article{oliver1992improved,
  title={An improved technique for determining hardness and elastic modulus using load and displacement sensing indentation experiments},
  author={Oliver, WC and Pharr, GM},
  journal={Journal of materials research},
  volume={7},
  number={06},
  pages={1564--1583},
  year={1992},
  publisher={Cambridge Univ Press}
}

@article{kesari2010role,
  title={Role of surface roughness in hysteresis during adhesive elastic contact},
  author={Kesari, H and Doll, JC and Pruitt, BL and Cai, W and Lew, AJ},
  journal={Philosophical Magazine Letters},
  volume={90},
  number={12},
  pages={891--902},
  year={2010},
  publisher={Taylor \& Francis}
}

@phdthesis{kesari2011mechanics,
  author = {Kesari, H},
  title = {Mechanics of Hysteretic Adhesive Elastic Mechanical Contact Between Rough Surfaces},
  school = {Stanford University},
  year = 2011,
}

@article{lawn1975indentation,
  title={Indentation fracture: principles and applications},
  author={Lawn, B and Wilshaw, R},
  journal={Journal of materials science},
  volume={10},
  number={6},
  pages={1049--1081},
  year={1975},
  publisher={Springer}
}

@article{evans1976fracture,
  title={Fracture toughness determinations by indentation},
  author={Evans, AG and Charles, EA},
  journal={Journal of the American Ceramic Society},
  volume={59},
  number={7-8},
  pages={371--372},
  year={1976},
  publisher={Wiley Online Library}
}

@article{wang2010morphology,
  title={Morphology of Sponge Spicules: Silicatein a Structural Protein for Bio-Silica Formation},
  author={Wang, X and Wiens, M and Schr{\"o}der, HC and Hu, S and Mugnaioli, E and Kolb, U and Tremel, W and Pisignano, D and M{\"u}ller, WEG},
  journal={Advanced Engineering Materials},
  volume={12},
  number={9},
  pages={B422--B437},
  year={2010},
  publisher={Wiley Online Library}
}

@article{weaver2003nanostructural,
  title={Nanostructural features of demosponge biosilica},
  author={Weaver, JC and Pietrasanta, I and Hedin, N and Chmelka, BF and Hansma, PK and Morse, DE},
  journal={Journal of structural biology},
  volume={144},
  number={3},
  pages={271--281},
  year={2003},
  publisher={Elsevier}
}

@article{walter2007mechanisms,
  title={Mechanisms of toughening of a natural rigid composite},
  author={Walter, SL and Flinn, BD and Mayer, G},
  journal={Materials Science and Engineering: C},
  volume={27},
  number={3},
  pages={570--574},
  year={2007},
  publisher={Elsevier}
}

@article{kolednik2011bioinspired,
  title={Bioinspired Design Criteria for Damage-Resistant Materials with Periodically Varying Microstructure},
  author={Kolednik, O and Predan, J and Fischer, FD and Fratzl, P},
  journal={Advanced Functional Materials},
  volume={21},
  number={19},
  pages={3634--3641},
  year={2011},
  publisher={Wiley Online Library}
}

@article{mattheck2006teacher,
  title={Teacher tree: The evolution of notch shape optimization from complex to simple},
  author={Mattheck, C},
  journal={Engineering Fracture Mechanics},
  volume={73},
  number={12},
  pages={1732--1742},
  year={2006},
  publisher={Elsevier}
}

@article{kamat2000structural,
  title={Structural basis for the fracture toughness of the shell of the conch Strombus gigas},
  author={Kamat, S and Su, X and Ballarini, R and Heuer, AH},
  journal={Nature},
  volume={405},
  number={6790},
  pages={1036--1040},
  year={2000},
  publisher={Nature Publishing Group}
}

@article{jackson1988mechanical,
  title={The mechanical design of nacre},
  author={Jackson, AP and Vincent, JFV and Turner, RM},
  journal={Proceedings of the Royal Society of London B: Biological Sciences},
  volume={234},
  number={1277},
  pages={415--440},
  year={1988},
  publisher={The Royal Society}
}

@article{aizenberg2005skeleton,
  title={Skeleton of Euplectella sp.: structural hierarchy from the nanoscale to the macroscale},
  author={Aizenberg, J and Weaver, JC and Thanawala, MS and Sundar, VC and Morse, DE and Fratzl, P},
  journal={Science},
  volume={309},
  number={5732},
  pages={275--278},
  year={2005},
  publisher={American Association for the Advancement of Science}
}



% FIBER PUSH OUT

@article{moran1987crack,
  title={Crack tip and associated domain integrals from momentum and energy balance},
  author={Moran, B and Shih, CF},
  journal={Engineering fracture mechanics},
  volume={27},
  number={6},
  pages={615--642},
  year={1987},
  publisher={Elsevier}
}

@article{marshall1984indentation,
  title={An Indentation Method for Measuring Matrix-Fiber Frictional Stresses in Ceramic Composites},
  author={Marshall, DB},
  journal={Journal of the American Ceramic Society},
  volume={67},
  number={12},
  year={1984},
  publisher={Wiley Online Library}
}

@article{kerans1991theoretical,
  title={Theoretical analysis of the fiber pullout and pushout tests},
  author={Kerans, RJ and Parthasarathy, TA},
  journal={Journal of the American Ceramic Society},
  volume={74},
  number={7},
  pages={1585--1596},
  year={1991},
  publisher={Wiley Online Library}
}

@article{bright1989interfacial,
  title={Interfacial Bonding and Friction in Silicon Carbide [Filament]-Reinforced Ceramic-and Glass-Matrix Composites},
  author={Bright, JD and Shetty, DK and Griffin, CW and Limaye, SY},
  journal={Journal of the American Ceramic Society},
  volume={72},
  number={10},
  pages={1891--1898},
  year={1989},
  publisher={Wiley Online Library}
}

@article{liang1993mechanics,
  title={Mechanics of the fiber pushout test},
  author={Liang, C and Hutchinson, JW},
  journal={Mechanics of materials},
  volume={14},
  number={3},
  pages={207--221},
  year={1993},
  publisher={Elsevier}
}

@article{outwater1970fracture,
  title={Fracture energy of unidirectional laminates},
  author={Outwater, JO and Murphy, MC},
  journal={Modern Plastics},
  volume={47},
  number={9},
  pages={160},
  year={1970},
  publisher={McGraw Hill inc 1221 Avenue of the Americas, New York, NY 10020}
}


@article{kesariPML,
  title={Role of surface roughness in hysteresis during adhesive elastic contact},
  author={Kesari, H and Doll, JC and Pruitt, BL and Cai, W and Lew, AJ},
  journal={Philosophical Magazine \& Philosophical Magazine Letters},
  volume={90},
  number={12},
  pages={891--902},
  year={2010},
  publisher={Taylor \& Francis}
}

@book{kesariThesis,
  title={Mechanics of Hysteretic Adhesive Elastic Mechanical Contact Between Rough Surfaces},
  author={Kesari, H and Lew, A and Barnett, DM and Cai, W and Nix, WD},
  year={2011},
  publisher={Stanford University}
}


@inproceedings{kubler2013fracture,
  title={Fracture toughness of ceramics using the SEVNB method; round robin},
  author={K{\"u}bler, J},
  booktitle={ECF13, San Sebastian 2000},
  year={2013}
}

@article{fett2008fracture,
  title={Fracture toughness test with a sharp notch introduced by focussed ion beam},
  author={Fett, T and Creek, D and Wagner, S and Rizzi, G and Volkert, CA},
  journal={International Journal of Fracture},
  volume={153},
  number={1},
  pages={85--92},
  year={2008},
  publisher={Springer}
}


@article{lee2014hierarchical,
  title={Hierarchical multiscale structure--property relationships of the red-bellied woodpecker (Melanerpes carolinus) beak},
  author={Lee, N and Horstemeyer, MF and Rhee, H and Nabors, B and Liao, J and Williams, LN},
  journal={Journal of The Royal Society Interface},
  volume={11},
  number={96},
  pages={20140274},
  year={2014},
  publisher={The Royal Society}
}

@article{lin20143d,
  title={3D printed, bio-inspired prototypes and analytical models for structured suture interfaces with geometrically-tuned deformation and failure behavior},
  author={Lin, E and Li, Y and Ortiz, C and Boyce, MC},
  journal={Journal of the Mechanics and Physics of Solids},
  volume={73},
  pages={166--182},
  year={2014},
  publisher={Elsevier}
}

@article{li2013generalized,
  title={A generalized mechanical model for suture interfaces of arbitrary geometry},
  author={Li, Y and Ortiz, C and Boyce, MC},
  journal={Journal of the Mechanics and Physics of Solids},
  volume={61},
  number={4},
  pages={1144--1167},
  year={2013},
  publisher={Elsevier}
}

@article{li2012numerical,
  title={Numerical study on the effects of hierarchical wavy interface morphology on fracture toughness},
  author={Li, BW and Zhao, HP and Qin, QH and Feng, XQ and Yu, SW},
  journal={Computational Materials Science},
  volume={57},
  pages={14--22},
  year={2012},
  publisher={Elsevier}
}

@article{wang2012specific,
  title={Specific adhesion of a soft elastic body on a wavy surface},
  author={Wang, J and Yao, J and Gao, H},
  journal={Theoretical and Applied Mechanics Letters},
  volume={2},
  number={1},
  pages={014002},
  year={2012},
  publisher={Chinese Society of Theoretical and Applied Mechanics}
}

@article{zavattieri2007determination,
  title={Determination of the effective mode-I toughness of a sinusoidal interface between two elastic solids},
  author={Zavattieri, PD and Hector Jr, LG and Bower, AF},
  journal={International Journal of Fracture},
  volume={145},
  number={3},
  pages={167--180},
  year={2007},
  publisher={Springer}
}

@article{haghpanah2014adhesively,
  title={Adhesively bonded lap joints with extreme interface geometry},
  author={Haghpanah, B and Chiu, S and Vaziri, A},
  journal={International Journal of Adhesion and Adhesives},
  volume={48},
  pages={130--138},
  year={2014},
  publisher={Elsevier}
}


@article{lim2016high,
  title={High-performance simulation of fracture in idealized 'brick and mortar' composites using adaptive Monte Carlo minimization on the GPU},
  author={Lim, RK and Pro, JW and Begley, MR and Utz, M and Petzold, LR},
  journal={International Journal of High Performance Computing Applications},
  volume={30},
  number={2},
  pages={186--199},
  year={2016},
  publisher={SAGE Publications}
}

@article{pro2015gpu,
  title={GPU-based simulations of fracture in idealized brick and mortar composites},
  author={Pro, JW and Lim, RK and Petzold, LR and Utz, M and Begley, MR},
  journal={Journal of the Mechanics and Physics of Solids},
  volume={80},
  pages={68--85},
  year={2015},
  publisher={Elsevier}
}

@article{padture2002thermal,
  title={Thermal barrier coatings for gas-turbine engine applications},
  author={Padture, NP and Gell, M and Jordan, EH},
  journal={Science},
  volume={296},
  number={5566},
  pages={280--284},
  year={2002},
  publisher={American Association for the Advancement of Science}
}

@article{zhu2004development,
  title={Development of advanced low conductivity thermal barrier coatings},
  author={Zhu, D and Miller, RA},
  journal={International Journal of Applied Ceramic Technology},
  volume={1},
  number={1},
  pages={86--94},
  year={2004},
  publisher={Wiley Online Library}
}

@article{weaver2012stomatopod,
  title={The stomatopod dactyl club: a formidable damage-tolerant biological hammer},
  author={Weaver, JC and Milliron, GW and Miserez, A and Evans-Lutterodt, K and Herrera, S and Gallana, I and Mershon, WJ and Swanson, B and Zavattieri, P and DiMasi, E and Kisailus, D},
  journal={Science},
  volume={336},
  number={6086},
  pages={1275--1280},
  year={2012},
  publisher={American Association for the Advancement of Science}
}

%%%%%%%%%%%%%%%%%%%%%%%%%%%%%%%%%%%%%%%%%%%%%%%%%%%%%%%%%%%%
%% standard fracture simulation tools.
@article{belytschko2003dynamic,
  title={Dynamic crack propagation based on loss of hyperbolicity and a new discontinuous enrichment},
  author={Belytschko, T and Chen, H and Xu, J and Zi, G},
  journal={International journal for numerical methods in engineering},
  volume={58},
  number={12},
  pages={1873--1905},
  year={2003},
  publisher={Wiley Online Library}
}

@article{dolbow1999finite,
  title={A finite element method for crack growth without remeshing},
  author={Dolbow, J and Belytschko, T},
  journal={International journal for numerical methods in engineering},
  volume={46},
  number={1},
  pages={131--150},
  year={1999}
}

@article{song2006method,
  title={A method for dynamic crack and shear band propagation with phantom nodes},
  author={Song, JH and Areias, P and Belytschko, T},
  journal={International Journal for Numerical Methods in Engineering},
  volume={67},
  number={6},
  pages={868--893},
  year={2006},
  publisher={Wiley Online Library}
}


@article{stolarska2001modelling,
  title={Modelling crack growth by level sets in the extended finite element method},
  author={Stolarska, M and Chopp, DL and Mo{\"e}s, N and Belytschko, T},
  journal={International journal for numerical methods in Engineering},
  volume={51},
  number={8},
  pages={943--960},
  year={2001},
  publisher={Wiley Online Library}
}

@article{henshell1975crack,
  title={Crack tip finite elements are unnecessary},
  author={Henshell, RD and Shaw, KG},
  journal={International journal for numerical methods in engineering},
  volume={9},
  number={3},
  pages={495--507},
  year={1975},
  publisher={Wiley Online Library}
}
@article{barsoum1977triangular,
  title={Triangular quarter-point elements as elastic and perfectly-plastic crack tip elements},
  author={Barsoum, RS},
  journal={International Journal for numerical Methods in engineering},
  volume={11},
  number={1},
  pages={85--98},
  year={1977},
  publisher={Wiley Online Library}
}
@article{akin1976generation,
  title={The generation of elements with singularities},
  author={Akin, JE},
  journal={International Journal for Numerical Methods in Engineering},
  volume={10},
  number={6},
  pages={1249--1259},
  year={1976},
  publisher={Wiley Online Library}
}

@article{komori2001simulation,
  title={Simulation of shearing by node separation method},
  author={Komori, K},
  journal={Computers \& Structures},
  volume={79},
  number={2},
  pages={197--207},
  year={2001},
  publisher={Elsevier}
}
@article{saanouni2004numerical,
  title={Numerical prediction of discontinuous central bursting in axisymmetric forward extrusion by continuum damage mechanics},
  author={Saanouni, K and Mariage, JF and Cherouat, A and Lestriez, P},
  journal={Computers \& structures},
  volume={82},
  number={27},
  pages={2309--2332},
  year={2004},
  publisher={Elsevier}
}

@article{song2008comparative,
  title={A comparative study on finite element methods for dynamic fracture},
  author={Song, JH and Wang, H and Belytschko, T},
  journal={Computational Mechanics},
  volume={42},
  number={2},
  pages={239--250},
  year={2008},
  publisher={Springer}
}
@article{belytschko2003dynamic,
  title={Dynamic crack propagation based on loss of hyperbolicity and a new discontinuous enrichment},
  author={Belytschko, T and Chen, H and Xu, J and Zi, G},
  journal={International journal for numerical methods in engineering},
  volume={58},
  number={12},
  pages={1873--1905},
  year={2003},
  publisher={Wiley Online Library}
}
@article{benvenuti2008regularized,
  title={A regularized XFEM framework for embedded cohesive interfaces},
  author={Benvenuti, E},
  journal={Computer Methods in Applied Mechanics and Engineering},
  volume={197},
  number={49},
  pages={4367--4378},
  year={2008},
  publisher={Elsevier}
}
@article{day1994zero,
  title={Zero thickness interface elements--Numerical stability and application},
  author={Day, RA and Potts, DM},
  journal={International Journal for numerical and analytical methods in geomechanics},
  volume={18},
  number={10},
  pages={689--708},
  year={1994},
  publisher={Wiley Online Library}
}

@article{amiri2014phase,
  title={Phase-field modeling of fracture in linear thin shells},
  author={Amiri, F and Mill{\'a}n, D and Shen, Y and Rabczuk, T and Arroyo, M},
  journal={Theoretical and Applied Fracture Mechanics},
  volume={69},
  pages={102--109},
  year={2014},
  publisher={Elsevier}
}


@article{wegst2015bioinspired,
  title={Bioinspired structural materials},
  author={Wegst, UGK and Bai, H and Saiz, E and Tomsia, AP and Ritchie, RO},
  journal={Nature materials},
  volume={14},
  number={1},
  pages={23--36},
  year={2015},
  publisher={Nature Publishing Group}
}

@misc{birdpicture1,
  title = {Red-bellied Woodpecker (Male)},
  author = {Thomas, K},
  howpublished = {\url{http://kenthomas.us/?page_id=140&px=%2FRed-bellied_Woodpecker-male.jpg&px=%2FRed-bellied_Woodpecker-male.jpg}},
  note = {Accessed: 03-10-2016}
}

@article{ball1976convexity,
  title={Convexity conditions and existence theorems in nonlinear elasticity},
  author={Ball, JM},
  journal={Archive for rational mechanics and Analysis},
  volume={63},
  number={4},
  pages={337--403},
  year={1976},
  publisher={Springer}
}

@article{gao1989first,
  title={A first-order perturbation analysis of crack trapping by arrays of obstacles},
  author={Gao, H and Rice, JR},
  journal={Journal of applied mechanics},
  volume={56},
  number={4},
  pages={828--836},
  year={1989},
  publisher={American Society of Mechanical Engineers}
}
@article{dalmas2009crack,
  title={Crack front pinning by design in planar heterogeneous interfaces},
  author={Dalmas, D and Barthel, E and Vandembroucq, D},
  journal={Journal of the Mechanics and Physics of Solids},
  volume={57},
  number={3},
  pages={446--457},
  year={2009},
  publisher={Elsevier}
}

@article{gu1997crack,
  title={Crack deflection in functionally graded materials},
  author={Gu, P and Asaro, RJ},
  journal={International Journal of Solids and Structures},
  volume={34},
  number={24},
  pages={3085--3098},
  year={1997},
  publisher={Elsevier}
}
@article{miehe2010thermodynamically,
  title={Thermodynamically consistent phase-field models of fracture: Variational principles and multi-field FE implementations},
  author={Miehe, C and Welschinger, F and Hofacker, M},
  journal={International Journal for Numerical Methods in Engineering},
  volume={83},
  number={10},
  pages={1273--1311},
  year={2010},
  publisher={Wiley Online Library}
}

@article{xia2013adhesion,
  title={Adhesion of heterogeneous thin filmsâ€”I: Elastic heterogeneity},
  author={Xia, SM and Ponson, L and Ravichandran, G and Bhattacharya, K},
  journal={Journal of the Mechanics and Physics of Solids},
  volume={61},
  number={3},
  pages={838--851},
  year={2013},
  publisher={Elsevier}
}

@article{xia2015adhesion,
  title={Adhesion of heterogeneous thin films II: Adhesive heterogeneity},
  author={Xia, SM and Ponson, L and Ravichandran, G and Bhattacharya, K},
  journal={Journal of the Mechanics and Physics of Solids},
  volume={83},
  pages={88--103},
  year={2015},
  publisher={Elsevier}
}

@article{sen2011structural,
  title={Structural hierarchies define toughness and defect-tolerance despite simple and mechanically inferior brittle building blocks},
  author={Sen, D and Buehler, MJ},
  journal={Scientific reports},
  volume={1},
  year={2011},
  publisher={Nature Publishing Group}
}

@article{tan2007constitutive,
  title={Constitutive behaviors of composites with interface debonding: the extended Mori-Tanaka method for uniaxial tension},
  author={Tan, H and Huang, Y and Liu, C and Ravichandran, G and Paulino, GH},
  journal={International Journal of Fracture},
  volume={146},
  number={3},
  pages={139--148},
  year={2007},
  publisher={Springer}
}

@article{huang2003modeling,
  title={Modeling quasi-static crack growth with the extended finite element method Part II: Numerical applications},
  author={Huang, R and Sukumar, N and Pr{\'e}vost, JH},
  journal={International Journal of Solids and Structures},
  volume={40},
  number={26},
  pages={7539--7552},
  year={2003},
  publisher={Elsevier}
}

@article{needleman1987continuum,
  title={A continuum model for void nucleation by inclusion debonding},
  author={Needleman, A},
  journal={Journal of applied mechanics},
  volume={54},
  number={3},
  pages={525--531},
  year={1987},
  publisher={American Society of Mechanical Engineers}
}

@article{ambati2015phase,
	title={Phase-field modeling of ductile fracture},
	author={Ambati, Marreddy and Gerasimov, Tymofiy and De Lorenzis, Laura},
	journal={Computational Mechanics},
	volume={55},
	number={5},
	pages={1017--1040},
	year={2015},
	publisher={Springer}
}
@article{miehe2016phase,
	title={Phase field modeling of ductile fracture at finite strains: A variational gradient-extended plasticity-damage theory},
	author={Miehe, Christian and Aldakheel, Fadi and Raina, Arun},
	journal={International Journal of Plasticity},
	year={2016},
	publisher={Elsevier}
}
@article{gultekin2016phase,
	title={A phase-field approach to model fracture of arterial walls: Theory and finite element analysis},
	author={G{\"u}ltekin, Osman and Dal, H{\"u}sn{\"u} and Holzapfel, Gerhard A},
	journal={Computer Methods in Applied Mechanics and Engineering},
	year={2016},
	publisher={Elsevier}
}
@article{raina2016phase,
	title={A phase-field model for fracture in biological tissues},
	author={Raina, Arun and Miehe, Christian},
	journal={Biomechanics and modeling in mechanobiology},
	volume={15},
	number={3},
	pages={479--496},
	year={2016},
	publisher={Springer}
}
@book{galilei1997galileo,
  title={Galileo on the world systems: a new abridged translation and guide},
  author={Galilei, Galileo},
  year={1997},
  publisher={Univ of California Press}
}
@article{hillerborg1976analysis,
  title={Analysis of crack formation and crack growth in concrete by means of fracture mechanics and finite elements},
  author={Hillerborg, Arne and Mod{\'e}er, Mats and Petersson, P-E},
  journal={Cement and concrete research},
  volume={6},
  number={6},
  pages={773--781},
  year={1976},
  publisher={Elsevier}
}
@article{bavzant1983crack,
  title={Crack band theory for fracture of concrete},
  author={Ba{\v{z}}ant, Zden{\v{e}}k P and Oh, Byung H},
  journal={Mat{\'e}riaux et construction},
  volume={16},
  number={3},
  pages={155--177},
  year={1983},
  publisher={Springer}
}
@article{belytschko1999elastic,
  title={Elastic crack growth in finite elements with minimal remeshing},
  author={Belytschko, Ted and Black, Tom},
  journal={International journal for numerical methods in engineering},
  volume={45},
  number={5},
  pages={601--620},
  year={1999}
}
@article{bechet2005improved,
  title={Improved implementation and robustness study of the X-FEM for stress analysis around cracks},
  author={B{\'e}chet, {\'E}ric and Minnebo, Hans and Mo{\"e}s, Nicolas and Burgardt, B},
  journal={International Journal for Numerical Methods in Engineering},
  volume={64},
  number={8},
  pages={1033--1056},
  year={2005},
  publisher={Wiley Online Library}
}

@article {Nicolas1999finite,
author = {MoÃ«s, Nicolas and Dolbow, John and Belytschko, Ted},
title = {A finite element method for crack growth without remeshing},
journal = {International Journal for Numerical Methods in Engineering},
volume = {46},
number = {1},
publisher = {John Wiley & Sons, Ltd.},
issn = {1097-0207},
url = {http://dx.doi.org/10.1002/(SICI)1097-0207(19990910)46:1<131::AID-NME726>3.0.CO;2-J},
doi = {10.1002/(SICI)1097-0207(19990910)46:1<131::AID-NME726>3.0.CO;2-J},
pages = {131--150},
keywords = {finite elements, fracture},
year = {1999},
}

@article{belytschko2001arbitrary,
  title={Arbitrary discontinuities in finite elements},
  author={Belytschko, Ted and Mo{\"e}s, Nicolas and Usui, Shuji and Parimi, Chandu},
  journal={International Journal for Numerical Methods in Engineering},
  volume={50},
  number={4},
  pages={993--1013},
  year={2001}
}

@article{daux2000arbitrary,
  title={Arbitrary branched and intersecting cracks with the extended finite element method},
  author={Daux, Christophe and Mo{\"e}s, Nicolas and Dolbow, John and Sukumar, Natarajan and Belytschko, Ted},
  journal={International Journal for Numerical Methods in Engineering},
  volume={48},
  number={12},
  pages={1741--1760},
  year={2000}
}

@article{padture2016advanced,
  title={Advanced structural ceramics in aerospace propulsion},
  author={Padture, Nitin P},
  journal={Nature materials},
  volume={15},
  number={8},
  pages={804--809},
  year={2016},
  publisher={Nature Research}
}

@article{minatto2015multilayered,
  title={Multilayered ceramic composites--a review},
  author={Minatto, Fl{\'a}via Dagostim and Milak, P{\^a}mela and De Noni, A and Hotza, D and Montedo, Oscar Rubem Klegues},
  journal={Advances in Applied Ceramics},
  volume={114},
  number={3},
  pages={127--138},
  year={2015},
  publisher={Taylor \& Francis}
}

@article{karambelas2013strombus,
  title={Strombus gigas inspired biomimetic ceramic composites via SHELLâ€”Sequential Hierarchical Engineered Layer Lamination},
  author={Karambelas, Gregory and Santhanam, Sridhar and Wing, Zachary N},
  journal={Ceramics International},
  volume={39},
  number={2},
  pages={1315--1325},
  year={2013},
  publisher={Elsevier}
}

@article{barthelat2015architectured,
  title={Architectured materials in engineering and biology: fabrication, structure, mechanics and performance},
  author={Barthelat, F},
  journal={International Materials Reviews},
  volume={60},
  number={8},
  pages={413--430},
  year={2015},
  publisher={Taylor \& Francis}
}

@article{corni2012review,
  title={A review of experimental techniques to produce a nacre-like structure},
  author={Corni, I and Harvey, TJ and Wharton, JA and Stokes, KR and Walsh, FC and Wood, RJK},
  journal={Bioinspiration \& biomimetics},
  volume={7},
  number={3},
  pages={031001},
  year={2012},
  publisher={IOP Publishing}
}

@article{clegg1990simple,
  title={A simple way to make tough ceramics},
  author={Clegg, WJ and Kendall, K and Alford, N McN and Button, TW and Birchall, JD},
  journal={Nature},
  volume={347},
  number={6292},
  pages={455--457},
  year={1990},
  publisher={Springer}
}

@article{baskaran1993fibrous,
  title={Fibrous monolithic ceramics: I, fabrication, microstructure, and indentation behavior},
  author={Baskaran, Suresh and Nunn, Stephen D and Popovic, Dragan and Halloran, John W},
  journal={Journal of the American Ceramic Society},
  volume={76},
  number={9},
  pages={2209--2216},
  year={1993},
  publisher={Wiley Online Library}
}

@article{xu1994numerical,
  title={Numerical simulations of fast crack growth in brittle solids},
  author={Xu, X-P and Needleman, Alan},
  journal={Journal of the Mechanics and Physics of Solids},
  volume={42},
  number={9},
  pages={1397--1434},
  year={1994},
  publisher={Elsevier}
}
@article{camacho1996computational,
  title={Computational modelling of impact damage in brittle materials},
  author={Camacho, Godofredo T and Ortiz, M},
  journal={International Journal of solids and structures},
  volume={33},
  number={20-22},
  pages={2899--2938},
  year={1996},
  publisher={Elsevier}
}
@article{hillerborg1976analysis,
  title={Analysis of crack formation and crack growth in concrete by means of fracture mechanics and finite elements},
  author={Hillerborg, Arne and Mod{\'e}er, Mats and Petersson, P-E},
  journal={Cement and concrete research},
  volume={6},
  number={6},
  pages={773--781},
  year={1976},
  publisher={Elsevier}
}
@article{gao1998numerical,
  title={Numerical simulation of crack growth in an isotropic solid with randomized internal cohesive bonds},
  author={Gao, Huajian and Klein, Patrick},
  journal={Journal of the Mechanics and Physics of Solids},
  volume={46},
  number={2},
  pages={187--218},
  year={1998},
  publisher={Elsevier}
}
@article{remmers2003cohesive,
  title={A cohesive segments method for the simulation of crack growth},
  author={Remmers, JJC and de Borst, Rene and Needleman, A},
  journal={Computational mechanics},
  volume={31},
  number={1-2},
  pages={69--77},
  year={2003},
  publisher={Springer}
}
@article{yang2005cohesive,
  title={Cohesive models for damage evolution in laminated composites},
  author={Yang, Qingda and Cox, Brian},
  journal={International Journal of Fracture},
  volume={133},
  number={2},
  pages={107--137},
  year={2005},
  publisher={Springer}
}
@article{de2004computational,
  title={Computational aspects of cohesive-zone models},
  author={De Borst, Ren{\'e} and Remmers, Joris JC and Needleman, Alan},
  journal={Advanced Fracture Mechanics for Life and Safety Assesments-Stockholm (Sweden)},
  year={2004}
}
@article{schlangen1993experimental,
  title={Experimental and numerical analysis of fracture processes in concrete},
  author={Schlangen, HEJG},
  journal={HERON, 38 (2), 1993},
  year={1993},
  publisher={Delft University of Technology}
}
@article{tijssens2000numerical,
  title={Numerical simulation of quasi-brittle fracture using damaging cohesive surfaces},
  author={Tijssens, Martin GA and Sluys, Bert LJ and van der Giessen, Erik},
  journal={European Journal of Mechanics-A/Solids},
  volume={19},
  number={5},
  pages={761--779},
  year={2000},
  publisher={Elsevier}
}
@article{de2003numerical,
  title={Numerical aspects of cohesive-zone models},
  author={De Borst, Ren{\'e}},
  journal={Engineering fracture mechanics},
  volume={70},
  number={14},
  pages={1743--1757},
  year={2003},
  publisher={Elsevier}
}
@article{song2008comparative,
  title={A comparative study on finite element methods for dynamic fracture},
  author={Song, Jeong-Hoon and Wang, Hongwu and Belytschko, Ted},
  journal={Computational Mechanics},
  volume={42},
  number={2},
  pages={239--250},
  year={2008},
  publisher={Springer}
}
@article{schellekens1993numerical,
  title={On the numerical integration of interface elements},
  author={Schellekens, JCJ and De Borst, Ren{\'e}},
  journal={International Journal for Numerical Methods in Engineering},
  volume={36},
  number={1},
  pages={43--66},
  year={1993},
  publisher={Wiley Online Library}
}
@article{harper2008cohesive,
  title={Cohesive zone length in numerical simulations of composite delamination},
  author={Harper, Paul W and Hallett, Stephen R},
  journal={Engineering Fracture Mechanics},
  volume={75},
  number={16},
  pages={4774--4792},
  year={2008},
  publisher={Elsevier}
}
@article{aymerich2008prediction,
  title={Prediction of impact-induced delamination in cross-ply composite laminates using cohesive interface elements},
  author={Aymerich, F and Dore, F and Priolo, P},
  journal={Composites science and technology},
  volume={68},
  number={12},
  pages={2383--2390},
  year={2008},
  publisher={Elsevier}
}
@article{borg2004simulation,
  title={Simulation of low velocity impact on fiber laminates using a cohesive zone based delamination model},
  author={Borg, Rikard and Nilsson, Larsgunnar and Simonsson, Kjell},
  journal={Composites Science and Technology},
  volume={64},
  number={2},
  pages={279--288},
  year={2004},
  publisher={Elsevier}
}
@article{dugdale1960yielding,
	title={Yielding of steel sheets containing slits},
	author={Dugdale, Donald S},
	journal={Journal of the Mechanics and Physics of Solids},
	volume={8},
	number={2},
	pages={100--104},
	year={1960},
	publisher={Elsevier}
}
@article{barenblatt1962mathematical,
	title={The mathematical theory of equilibrium cracks in brittle fracture},
	author={Barenblatt, Grigory Isaakovich},
	journal={Advances in applied mechanics},
	volume={7},
	pages={55--129},
	year={1962},
	publisher={Elsevier}
}
@article{shabir2011role,
	title={The role of cohesive properties on intergranular crack propagation in brittle polycrystals},
	author={Shabir, Z and Van der Giessen, E and Duarte, CA and Simone, A},
	journal={Modelling and Simulation in Materials Science and Engineering},
	volume={19},
	number={3},
	pages={035006},
	year={2011},
	publisher={IOP Publishing}
}



@article{belytschko1999elastic,
  title={Elastic crack growth in finite elements with minimal remeshing},
  author={Belytschko, Ted and Black, Tom},
  journal={International journal for numerical methods in engineering},
  volume={45},
  number={5},
  pages={601--620},
  year={1999}
}
@incollection{grutzik2017development,
  title={Development of Glass/Steel Bibeam Specimen for Study of Brittle Crack Path Stability},
  author={Grutzik, Scott Joseph and Reedy, Earl David},
  booktitle={Experimental and Applied Mechanics, Volume 4},
  pages={59--66},
  year={2017},
  publisher={Springer}
}
@article{abaqus2014,
  title={SIMULIA (2014) ABAQUS Analysis Userâ€šÃ„Ã´s Guide 6th edn},
  author={Dassault Syst{\`e}mes Simulia Corp},
  journal={},
  year={2014}
}
@article{melenk1996partition,
  title={The partition of unity finite element method: basic theory and applications},
  author={Melenk, Jens M and Babu{\v{s}}ka, Ivo},
  journal={Computer methods in applied mechanics and engineering},
  volume={139},
  number={1-4},
  pages={289--314},
  year={1996},
  publisher={Elsevier}
}
@article{stolarska2001modelling,
  title={Modelling crack growth by level sets in the extended finite element method},
  author={Stolarska, M and Chopp, DL and Mo{\"e}s, Nicolas and Belytschko, Ted},
  journal={International journal for numerical methods in Engineering},
  volume={51},
  number={8},
  pages={943--960},
  year={2001},
  publisher={Wiley Online Library}
}

@article{belytschko2001arbitrary,
  title={Arbitrary discontinuities in finite elements},
  author={Belytschko, Ted and Mo{\"e}s, Nicolas and Usui, Shuji and Parimi, Chandu},
  journal={International Journal for Numerical Methods in Engineering},
  volume={50},
  number={4},
  pages={993--1013},
  year={2001}
}

@article{daux2000arbitrary,
  title={Arbitrary branched and intersecting cracks with the extended finite element method},
  author={Daux, Christophe and Mo{\"e}s, Nicolas and Dolbow, John and Sukumar, Natarajan and Belytschko, Ted},
  journal={International Journal for Numerical Methods in Engineering},
  volume={48},
  number={12},
  pages={1741--1760},
  year={2000}
}

@article{dolbow1999finite,
  title={A finite element method for crack growth without remeshing},
  author={Dolbow, John and Belytschko, Ted},
  journal={International journal for numerical methods in engineering},
  volume={46},
  number={1},
  pages={131--150},
  year={1999}
}
@article{sukumar2000extended,
  title={Extended finite element method for three-dimensional crack modelling},
  author={Sukumar, Natarajan and Mo{\"e}s, Nicolas and Moran, B and Belytschko, Ted},
  journal={International Journal for Numerical Methods in Engineering},
  volume={48},
  number={11},
  pages={1549--1570},
  year={2000}
}

@article{fries2009intrinsic,
  title={The intrinsic XFEM for two-fluid flows},
  author={Fries, Thomas-Peter},
  journal={International Journal for Numerical Methods in Fluids},
  volume={60},
  number={4},
  pages={437--471},
  year={2009},
  publisher={Wiley Online Library}
}

@article{fries2008corrected,
  title={A corrected XFEM approximation without problems in blending elements},
  author={Fries, Thomas-Peter},
  journal={International Journal for Numerical Methods in Engineering},
  volume={75},
  number={5},
  pages={503--532},
  year={2008},
  publisher={Wiley Online Library}
}

@article{strouboulis2000design,
  title={The design and analysis of the generalized finite element method},
  author={Strouboulis, Theofanis and Babu{\v{s}}ka, Ivo and Copps, Kevin},
  journal={Computer methods in applied mechanics and engineering},
  volume={181},
  number={1},
  pages={43--69},
  year={2000},
  publisher={Elsevier}
}
@article{strouboulis2000generalized,
  title={The generalized finite element method: an example of its implementation and illustration of its performance},
  author={Strouboulis, T and Copps, K and Babuska, I},
  journal={International Journal for Numerical Methods in Engineering},
  volume={47},
  number={8},
  pages={1401--1417},
  year={2000}
}
@article{liu2004xfem,
  title={XFEM for direct evaluation of mixed mode SIFs in homogeneous and bi-materials},
  author={Liu, X Y and Xiao, Q Z and Karihaloo, Bhushan Lal},
  journal={International Journal for Numerical Methods in Engineering},
  volume={59},
  number={8},
  pages={1103--1118},
  year={2004},
  publisher={Wiley Online Library}
}
@article{xiao2006improving,
  title={Improving the accuracy of XFEM crack tip fields using higher order quadrature and statically admissible stress recovery},
  author={Xiao, Qi-Zhi and Karihaloo, Bhushan Lal},
  journal={International Journal for Numerical Methods in Engineering},
  volume={66},
  number={9},
  pages={1378--1410},
  year={2006},
  publisher={Wiley Online Library}
}
@article{iarve2003mesh,
  title={Mesh independent modelling of cracks by using higher order shape functions},
  author={Iarve, EV},
  journal={International Journal for Numerical Methods in Engineering},
  volume={56},
  number={6},
  pages={869--882},
  year={2003},
  publisher={Wiley Online Library}
}
@article{ventura2006elimination,
  title={On the elimination of quadrature subcells for discontinuous functions in the eXtended Finite-Element Method},
  author={Ventura, Giulio},
  journal={International Journal for Numerical Methods in Engineering},
  volume={66},
  number={5},
  pages={761--795},
  year={2006},
  publisher={Wiley Online Library}
}
@article{bordas2007extended,
  title={An extended finite element library},
  author={Bordas, St{\'e}phane and Nguyen, Phu Vinh and Dunant, Cyrille and Guidoum, Amor and Nguyen-Dang, Hung},
  journal={International Journal for Numerical Methods in Engineering},
  volume={71},
  number={6},
  pages={703--732},
  year={2007},
  publisher={Wiley Online Library}
}
@article{moes2002non,
  title={Non-planar 3D crack growth by the extended finite element and level setsâ€šÃ„Ã®Part I: Mechanical model},
  author={Mo{\"e}s, Nicolas and Gravouil, Anthony and Belytschko, Ted},
  journal={International Journal for Numerical Methods in Engineering},
  volume={53},
  number={11},
  pages={2549--2568},
  year={2002},
  publisher={Wiley Online Library}
}
@article{gravouil2002non,
  title={Non-planar 3D crack growth by the extended finite element and level setsâ€šÃ„Ã®Part II: Level set update},
  author={Gravouil, Anthony and Mo{\"e}s, Nicolas and Belytschko, Ted},
  journal={International Journal for Numerical Methods in Engineering},
  volume={53},
  number={11},
  pages={2569--2586},
  year={2002},
  publisher={Wiley Online Library}
}
@article{belytschko2003dynamic,
  title={Dynamic crack propagation based on loss of hyperbolicity and a new discontinuous enrichment},
  author={Belytschko, Ted and Chen, Hao and Xu, Jingxiao and Zi, Goangseup},
  journal={International journal for numerical methods in engineering},
  volume={58},
  number={12},
  pages={1873--1905},
  year={2003},
  publisher={Wiley Online Library}
}
@article{song2006method,
  title={A method for dynamic crack and shear band propagation with phantom nodes},
  author={Song, Jeong-Hoon and Areias, Pedro and Belytschko, Ted},
  journal={International Journal for Numerical Methods in Engineering},
  volume={67},
  number={6},
  pages={868--893},
  year={2006},
  publisher={Wiley Online Library}
}

@article{legrain2005stress,
  title={Stress analysis around crack tips in finite strain problems using the extended finite element method},
  author={Legrain, Gr{\'e}gory and Moes, Nicolas and Verron, Erwan},
  journal={International Journal for Numerical Methods in Engineering},
  volume={63},
  number={2},
  pages={290--314},
  year={2005},
  publisher={Wiley Online Library}
}
@article{gracie2007new,
  title={A new fast finite element method for dislocations based on interior discontinuities},
  author={Gracie, Robert and Ventura, Giulio and Belytschko, Ted},
  journal={International Journal for Numerical Methods in Engineering},
  volume={69},
  number={2},
  pages={423--441},
  year={2007},
  publisher={Wiley Online Library}
}
@article{belytschko2007xfem,
  title={On XFEM applications to dislocations and interfaces},
  author={Belytschko, Ted and Gracie, Robert},
  journal={International Journal of Plasticity},
  volume={23},
  number={10},
  pages={1721--1738},
  year={2007},
  publisher={Elsevier}
}

@article{comninou1977interface,
  title={Interface crack with friction in the contact zone},
  author={Comninou, Maria},
  journal={Journal of Applied Mechanics},
  volume={44},
  number={4},
  pages={780--781},
  year={1977},
  publisher={American Society of Mechanical Engineers}
}

@book{belytschko2013nonlinear,
  title={Nonlinear finite elements for continua and structures},
  author={Belytschko, Ted and Liu, Wing Kam and Moran, Brian and Elkhodary, Khalil},
  year={2013},
  publisher={John wiley \& sons}
}

@article{fries2010extended,
  title={The extended/generalized finite element method: an overview of the method and its applications},
  author={Fries, Thomas-Peter and Belytschko, Ted},
  journal={International Journal for Numerical Methods in Engineering},
  volume={84},
  number={3},
  pages={253--304},
  year={2010},
  publisher={Wiley Online Library}
}
@article{golewski2012numerical,
  title={Numerical modelling crack propagation under Mode II fracture in plain concretes containing siliceous fly-ash additive using XFEM method},
  author={Golewski, GL and Golewski, P and Sadowski, T},
  journal={Computational Materials Science},
  volume={62},
  pages={75--78},
  year={2012},
  publisher={Elsevier}
}
@article{barkai2012crack,
  title={Crack initiation and path selection in brittle specimens: A novel experimental method and computations},
  author={Barkai, O and Menouillard, T and Song, J-H and Belytschko, T and Sherman, D},
  journal={Engineering Fracture Mechanics},
  volume={89},
  pages={65--74},
  year={2012},
  publisher={Elsevier}
}
@article{peng2017extended,
  title={An extended finite element method (XFEM) for linear elastic fracture with smooth nodal stress},
  author={Peng, Xuan and Kulasegaram, Sivakumar and Wu, SC and Bordas, SPA},
  journal={Computers \& Structures},
  volume={179},
  pages={48--63},
  year={2017},
  publisher={Elsevier}
}
@article{FRANC3D,
  title={FRANC3D Reference Manual},
  author={Fracture Analysis Consultants Inc},
  journal={},
  year={2016}
}
@article{Sierra,
  title={Sierra/solidmechanics Userâ€šÃ„Ã´s Guide 4th edn},
  author={Sandia National Laboratories},
  journal={},
  year={2015}
}
@article{xu2014modeling,
  title={Modeling of dynamic crack branching by enhanced extended finite element method},
  author={Xu, Dandan and Liu, Zhanli and Liu, Xiaoming and Zeng, Qinglei and Zhuang, Zhuo},
  journal={Computational Mechanics},
  volume={54},
  number={2},
  pages={489--502},
  year={2014},
  publisher={Springer}
}
@article{england1965crack,
  title={A crack between dissimilar media},
  author={England, AH},
  journal={J. appl. Mech},
  volume={32},
  number={2},
  pages={400--402},
  year={1965}
}


@article{bittencourt1996quasi,
  title={Quasi-automatic simulation of crack propagation for 2D LEFM problems},
  author={Bittencourt, TN and Wawrzynek, PA and Ingraffea, AR and Sousa, JL},
  journal={Engineering Fracture Mechanics},
  volume={55},
  number={2},
  pages={321--334},
  year={1996},
  publisher={Elsevier}
}
@article{miehe2010phase,
  title={A phase field model for rate-independent crack propagation: Robust algorithmic implementation based on operator splits},
  author={Miehe, Christian and Hofacker, Martina and Welschinger, Fabian},
  journal={Computer Methods in Applied Mechanics and Engineering},
  volume={199},
  number={45},
  pages={2765--2778},
  year={2010},
  publisher={Elsevier}
}
@article{version2012,
  title={6.12 Userâ€šÃ„Ã´s manual},
  author={Version, ABAQUS},
  journal={Inc. and Dassault systemes},
  year={2012}
}
@article{galvez1999fracture,
  title={Fracture of double-edge notched specimens under compression loading},
  author={G{\'a}lvez, JC and Elices, M and Cend{\'o}n, DA},
  journal={Construction Materials: Theory and Application},
  pages={95--105},
  year={1999}
}
@article{wells2001new,
  title={A new method for modelling cohesive cracks using finite elements},
  author={Wells, GN and Sluys, LJ},
  journal={International Journal for Numerical Methods in Engineering},
  volume={50},
  number={12},
  pages={2667--2682},
  year={2001},
  publisher={Wiley Online Library}
}
@article{moes2002extended,
  title={Extended finite element method for cohesive crack growth},
  author={Mo{\"e}s, Nicolas and Belytschko, Ted},
  journal={Engineering fracture mechanics},
  volume={69},
  number={7},
  pages={813--833},
  year={2002},
  publisher={Elsevier}
}
@article{mariani2003extended,
  title={Extended finite element method for quasi-brittle fracture},
  author={Mariani, Stefano and Perego, Umberto},
  journal={International Journal for numerical methods in engineering},
  volume={58},
  number={1},
  pages={103--126},
  year={2003},
  publisher={Wiley Online Library}
}

@article{monn2017enhanced,
  title={Enhanced bending failure strain in biological glass fibers due to internal lamellar architecture},
  author={Monn, Michael A and Kesari, Haneesh},
  journal={Journal of the Mechanical Behavior of Biomedical Materials},
  year={2017},
  publisher={Elsevier}
}

@article{monn2017JoVE,
  title={A Millimeter Scale Flexural Testing System for Measuring the Mechanical
Properties of Marine Sponge Spicules},
  author={Monn, Michael A and Ferreira, J and Yang, Jianzhe and Kesari, Haneesh},
  journal={Journal of Visualized Experiments},
  year={2017},
}

@article{monn2017new,
  title={A new structure-property connection in the skeletal elements of the marine sponge Tethya aurantia that guards against buckling instability},
  author={Monn, Michael A and Kesari, Haneesh},
  journal={Scientific reports},
  volume={7},
  year={2017},
  publisher={Nature Publishing Group}
}

@article{kesari2011effective,
  title={Effective macroscopic adhesive contact behavior induced by small surface roughness},
  author={Kesari, Haneesh and Lew, Adrian J},
  journal={Journal of the Mechanics and Physics of Solids},
  volume={59},
  number={12},
  pages={2488--2510},
  year={2011},
  publisher={Elsevier}
}

@article{peerlings1998gradient,
  title={Gradient-enhanced damage modelling of concrete fracture},
  author={Peerlings, RHJ and De Borst, R and Brekelmans, WAM and Geers, MGD},
  journal={Mechanics of Cohesive-frictional Materials},
  volume={3},
  number={4},
  pages={323--342},
  year={1998},
  publisher={Wiley Online Library}
}
@article{song2009cracking,
  title={Cracking node method for dynamic fracture with finite elements},
  author={Song, Jeong-Hoon and Belytschko, Ted},
  journal={International Journal for Numerical Methods in Engineering},
  volume={77},
  number={3},
  pages={360--385},
  year={2009},
  publisher={Wiley Online Library}
}
