@article{bittencourt1996quasi,
  title={Quasi-automatic simulation of crack propagation for 2D LEFM problems},
  author={Bittencourt, TN and Wawrzynek, PA and Ingraffea, AR and Sousa, JL},
  journal={Engineering Fracture Mechanics},
  volume={55},
  number={2},
  pages={321--334},
  year={1996},
  publisher={Elsevier}
}
@article{miehe2010phase,
  title={A phase field model for rate-independent crack propagation: Robust algorithmic implementation based on operator splits},
  author={Miehe, Christian and Hofacker, Martina and Welschinger, Fabian},
  journal={Computer Methods in Applied Mechanics and Engineering},
  volume={199},
  number={45},
  pages={2765--2778},
  year={2010},
  publisher={Elsevier}
}
@article{version2012,
  title={6.12 Userâ€™s manual},
  author={Version, ABAQUS},
  journal={Inc. and Dassault systemes},
  year={2012}
}
@article{galvez1999fracture,
  title={Fracture of double-edge notched specimens under compression loading},
  author={G{\'a}lvez, JC and Elices, M and Cend{\'o}n, DA},
  journal={Construction Materials: Theory and Application},
  pages={95--105},
  year={1999}
}