@article{xu1994numerical,
  title={Numerical simulations of fast crack growth in brittle solids},
  author={Xu, X-P and Needleman, Alan},
  journal={Journal of the Mechanics and Physics of Solids},
  volume={42},
  number={9},
  pages={1397--1434},
  year={1994},
  publisher={Elsevier}
}
@article{camacho1996computational,
  title={Computational modelling of impact damage in brittle materials},
  author={Camacho, Godofredo T and Ortiz, M},
  journal={International Journal of solids and structures},
  volume={33},
  number={20-22},
  pages={2899--2938},
  year={1996},
  publisher={Elsevier}
}
@article{hillerborg1976analysis,
  title={Analysis of crack formation and crack growth in concrete by means of fracture mechanics and finite elements},
  author={Hillerborg, Arne and Mod{\'e}er, Mats and Petersson, P-E},
  journal={Cement and concrete research},
  volume={6},
  number={6},
  pages={773--781},
  year={1976},
  publisher={Elsevier}
}
@article{gao1998numerical,
  title={Numerical simulation of crack growth in an isotropic solid with randomized internal cohesive bonds},
  author={Gao, Huajian and Klein, Patrick},
  journal={Journal of the Mechanics and Physics of Solids},
  volume={46},
  number={2},
  pages={187--218},
  year={1998},
  publisher={Elsevier}
}
@article{remmers2003cohesive,
  title={A cohesive segments method for the simulation of crack growth},
  author={Remmers, JJC and de Borst, Rene and Needleman, A},
  journal={Computational mechanics},
  volume={31},
  number={1-2},
  pages={69--77},
  year={2003},
  publisher={Springer}
}
@article{yang2005cohesive,
  title={Cohesive models for damage evolution in laminated composites},
  author={Yang, Qingda and Cox, Brian},
  journal={International Journal of Fracture},
  volume={133},
  number={2},
  pages={107--137},
  year={2005},
  publisher={Springer}
}
@article{de2004computational,
  title={Computational aspects of cohesive-zone models},
  author={De Borst, Ren{\'e} and Remmers, Joris JC and Needleman, Alan},
  journal={Advanced Fracture Mechanics for Life and Safety Assesments-Stockholm (Sweden)},
  year={2004}
}
@article{schlangen1993experimental,
  title={Experimental and numerical analysis of fracture processes in concrete},
  author={Schlangen, HEJG},
  journal={HERON, 38 (2), 1993},
  year={1993},
  publisher={Delft University of Technology}
}
@article{tijssens2000numerical,
  title={Numerical simulation of quasi-brittle fracture using damaging cohesive surfaces},
  author={Tijssens, Martin GA and Sluys, Bert LJ and van der Giessen, Erik},
  journal={European Journal of Mechanics-A/Solids},
  volume={19},
  number={5},
  pages={761--779},
  year={2000},
  publisher={Elsevier}
}
@article{de2003numerical,
  title={Numerical aspects of cohesive-zone models},
  author={De Borst, Ren{\'e}},
  journal={Engineering fracture mechanics},
  volume={70},
  number={14},
  pages={1743--1757},
  year={2003},
  publisher={Elsevier}
}
@article{song2008comparative,
  title={A comparative study on finite element methods for dynamic fracture},
  author={Song, Jeong-Hoon and Wang, Hongwu and Belytschko, Ted},
  journal={Computational Mechanics},
  volume={42},
  number={2},
  pages={239--250},
  year={2008},
  publisher={Springer}
}
@article{schellekens1993numerical,
  title={On the numerical integration of interface elements},
  author={Schellekens, JCJ and De Borst, Ren{\'e}},
  journal={International Journal for Numerical Methods in Engineering},
  volume={36},
  number={1},
  pages={43--66},
  year={1993},
  publisher={Wiley Online Library}
}
@article{harper2008cohesive,
  title={Cohesive zone length in numerical simulations of composite delamination},
  author={Harper, Paul W and Hallett, Stephen R},
  journal={Engineering Fracture Mechanics},
  volume={75},
  number={16},
  pages={4774--4792},
  year={2008},
  publisher={Elsevier}
}
@article{aymerich2008prediction,
  title={Prediction of impact-induced delamination in cross-ply composite laminates using cohesive interface elements},
  author={Aymerich, F and Dore, F and Priolo, P},
  journal={Composites science and technology},
  volume={68},
  number={12},
  pages={2383--2390},
  year={2008},
  publisher={Elsevier}
}
@article{borg2004simulation,
  title={Simulation of low velocity impact on fiber laminates using a cohesive zone based delamination model},
  author={Borg, Rikard and Nilsson, Larsgunnar and Simonsson, Kjell},
  journal={Composites Science and Technology},
  volume={64},
  number={2},
  pages={279--288},
  year={2004},
  publisher={Elsevier}
}
@article{dugdale1960yielding,
	title={Yielding of steel sheets containing slits},
	author={Dugdale, Donald S},
	journal={Journal of the Mechanics and Physics of Solids},
	volume={8},
	number={2},
	pages={100--104},
	year={1960},
	publisher={Elsevier}
}
@article{barenblatt1962mathematical,
	title={The mathematical theory of equilibrium cracks in brittle fracture},
	author={Barenblatt, Grigory Isaakovich},
	journal={Advances in applied mechanics},
	volume={7},
	pages={55--129},
	year={1962},
	publisher={Elsevier}
}
@article{shabir2011role,
	title={The role of cohesive properties on intergranular crack propagation in brittle polycrystals},
	author={Shabir, Z and Van der Giessen, E and Duarte, CA and Simone, A},
	journal={Modelling and Simulation in Materials Science and Engineering},
	volume={19},
	number={3},
	pages={035006},
	year={2011},
	publisher={IOP Publishing}
}



@article{belytschko1999elastic,
  title={Elastic crack growth in finite elements with minimal remeshing},
  author={Belytschko, Ted and Black, Tom},
  journal={International journal for numerical methods in engineering},
  volume={45},
  number={5},
  pages={601--620},
  year={1999}
}
@incollection{grutzik2017development,
  title={Development of Glass/Steel Bibeam Specimen for Study of Brittle Crack Path Stability},
  author={Grutzik, Scott Joseph and Reedy, Earl David},
  booktitle={Experimental and Applied Mechanics, Volume 4},
  pages={59--66},
  year={2017},
  publisher={Springer}
}
@article{abaqus2014,
  title={SIMULIA (2014) ABAQUS Analysis Userâ€™s Guide 6th edn},
  author={Dassault Syst{\`e}mes Simulia Corp},
  journal={},
  year={2014}
}
@article{melenk1996partition,
  title={The partition of unity finite element method: basic theory and applications},
  author={Melenk, Jens M and Babu{\v{s}}ka, Ivo},
  journal={Computer methods in applied mechanics and engineering},
  volume={139},
  number={1-4},
  pages={289--314},
  year={1996},
  publisher={Elsevier}
}
@article{stolarska2001modelling,
  title={Modelling crack growth by level sets in the extended finite element method},
  author={Stolarska, M and Chopp, DL and Mo{\"e}s, Nicolas and Belytschko, Ted},
  journal={International journal for numerical methods in Engineering},
  volume={51},
  number={8},
  pages={943--960},
  year={2001},
  publisher={Wiley Online Library}
}

@article{belytschko2001arbitrary,
  title={Arbitrary discontinuities in finite elements},
  author={Belytschko, Ted and Mo{\"e}s, Nicolas and Usui, Shuji and Parimi, Chandu},
  journal={International Journal for Numerical Methods in Engineering},
  volume={50},
  number={4},
  pages={993--1013},
  year={2001}
}

@article{daux2000arbitrary,
  title={Arbitrary branched and intersecting cracks with the extended finite element method},
  author={Daux, Christophe and Mo{\"e}s, Nicolas and Dolbow, John and Sukumar, Natarajan and Belytschko, Ted},
  journal={International Journal for Numerical Methods in Engineering},
  volume={48},
  number={12},
  pages={1741--1760},
  year={2000}
}

@article{dolbow1999finite,
  title={A finite element method for crack growth without remeshing},
  author={Dolbow, John and Belytschko, Ted},
  journal={International journal for numerical methods in engineering},
  volume={46},
  number={1},
  pages={131--150},
  year={1999}
}
@article{sukumar2000extended,
  title={Extended finite element method for three-dimensional crack modelling},
  author={Sukumar, Natarajan and Mo{\"e}s, Nicolas and Moran, B and Belytschko, Ted},
  journal={International Journal for Numerical Methods in Engineering},
  volume={48},
  number={11},
  pages={1549--1570},
  year={2000}
}

@article{fries2009intrinsic,
  title={The intrinsic XFEM for two-fluid flows},
  author={Fries, Thomas-Peter},
  journal={International Journal for Numerical Methods in Fluids},
  volume={60},
  number={4},
  pages={437--471},
  year={2009},
  publisher={Wiley Online Library}
}

@article{fries2008corrected,
  title={A corrected XFEM approximation without problems in blending elements},
  author={Fries, Thomas-Peter},
  journal={International Journal for Numerical Methods in Engineering},
  volume={75},
  number={5},
  pages={503--532},
  year={2008},
  publisher={Wiley Online Library}
}

@article{strouboulis2000design,
  title={The design and analysis of the generalized finite element method},
  author={Strouboulis, Theofanis and Babu{\v{s}}ka, Ivo and Copps, Kevin},
  journal={Computer methods in applied mechanics and engineering},
  volume={181},
  number={1},
  pages={43--69},
  year={2000},
  publisher={Elsevier}
}
@article{strouboulis2000generalized,
  title={The generalized finite element method: an example of its implementation and illustration of its performance},
  author={Strouboulis, T and Copps, K and Babuska, I},
  journal={International Journal for Numerical Methods in Engineering},
  volume={47},
  number={8},
  pages={1401--1417},
  year={2000}
}
@article{liu2004xfem,
  title={XFEM for direct evaluation of mixed mode SIFs in homogeneous and bi-materials},
  author={Liu, X Y and Xiao, Q Z and Karihaloo, Bhushan Lal},
  journal={International Journal for Numerical Methods in Engineering},
  volume={59},
  number={8},
  pages={1103--1118},
  year={2004},
  publisher={Wiley Online Library}
}
@article{xiao2006improving,
  title={Improving the accuracy of XFEM crack tip fields using higher order quadrature and statically admissible stress recovery},
  author={Xiao, Qi-Zhi and Karihaloo, Bhushan Lal},
  journal={International Journal for Numerical Methods in Engineering},
  volume={66},
  number={9},
  pages={1378--1410},
  year={2006},
  publisher={Wiley Online Library}
}
@article{iarve2003mesh,
  title={Mesh independent modelling of cracks by using higher order shape functions},
  author={Iarve, EV},
  journal={International Journal for Numerical Methods in Engineering},
  volume={56},
  number={6},
  pages={869--882},
  year={2003},
  publisher={Wiley Online Library}
}
@article{ventura2006elimination,
  title={On the elimination of quadrature subcells for discontinuous functions in the eXtended Finite-Element Method},
  author={Ventura, Giulio},
  journal={International Journal for Numerical Methods in Engineering},
  volume={66},
  number={5},
  pages={761--795},
  year={2006},
  publisher={Wiley Online Library}
}
@article{bordas2007extended,
  title={An extended finite element library},
  author={Bordas, St{\'e}phane and Nguyen, Phu Vinh and Dunant, Cyrille and Guidoum, Amor and Nguyen-Dang, Hung},
  journal={International Journal for Numerical Methods in Engineering},
  volume={71},
  number={6},
  pages={703--732},
  year={2007},
  publisher={Wiley Online Library}
}
@article{moes2002non,
  title={Non-planar 3D crack growth by the extended finite element and level setsâ€”Part I: Mechanical model},
  author={Mo{\"e}s, Nicolas and Gravouil, Anthony and Belytschko, Ted},
  journal={International Journal for Numerical Methods in Engineering},
  volume={53},
  number={11},
  pages={2549--2568},
  year={2002},
  publisher={Wiley Online Library}
}
@article{gravouil2002non,
  title={Non-planar 3D crack growth by the extended finite element and level setsâ€”Part II: Level set update},
  author={Gravouil, Anthony and Mo{\"e}s, Nicolas and Belytschko, Ted},
  journal={International Journal for Numerical Methods in Engineering},
  volume={53},
  number={11},
  pages={2569--2586},
  year={2002},
  publisher={Wiley Online Library}
}
@article{belytschko2003dynamic,
  title={Dynamic crack propagation based on loss of hyperbolicity and a new discontinuous enrichment},
  author={Belytschko, Ted and Chen, Hao and Xu, Jingxiao and Zi, Goangseup},
  journal={International journal for numerical methods in engineering},
  volume={58},
  number={12},
  pages={1873--1905},
  year={2003},
  publisher={Wiley Online Library}
}
@article{song2006method,
  title={A method for dynamic crack and shear band propagation with phantom nodes},
  author={Song, Jeong-Hoon and Areias, Pedro and Belytschko, Ted},
  journal={International Journal for Numerical Methods in Engineering},
  volume={67},
  number={6},
  pages={868--893},
  year={2006},
  publisher={Wiley Online Library}
}

@article{legrain2005stress,
  title={Stress analysis around crack tips in finite strain problems using the extended finite element method},
  author={Legrain, Gr{\'e}gory and Moes, Nicolas and Verron, Erwan},
  journal={International Journal for Numerical Methods in Engineering},
  volume={63},
  number={2},
  pages={290--314},
  year={2005},
  publisher={Wiley Online Library}
}
@article{gracie2007new,
  title={A new fast finite element method for dislocations based on interior discontinuities},
  author={Gracie, Robert and Ventura, Giulio and Belytschko, Ted},
  journal={International Journal for Numerical Methods in Engineering},
  volume={69},
  number={2},
  pages={423--441},
  year={2007},
  publisher={Wiley Online Library}
}
@article{belytschko2007xfem,
  title={On XFEM applications to dislocations and interfaces},
  author={Belytschko, Ted and Gracie, Robert},
  journal={International Journal of Plasticity},
  volume={23},
  number={10},
  pages={1721--1738},
  year={2007},
  publisher={Elsevier}
}

@article{comninou1977interface,
  title={Interface crack with friction in the contact zone},
  author={Comninou, Maria},
  journal={Journal of Applied Mechanics},
  volume={44},
  number={4},
  pages={780--781},
  year={1977},
  publisher={American Society of Mechanical Engineers}
}

@book{belytschko2013nonlinear,
  title={Nonlinear finite elements for continua and structures},
  author={Belytschko, Ted and Liu, Wing Kam and Moran, Brian and Elkhodary, Khalil},
  year={2013},
  publisher={John wiley \& sons}
}

@article{fries2010extended,
  title={The extended/generalized finite element method: an overview of the method and its applications},
  author={Fries, Thomas-Peter and Belytschko, Ted},
  journal={International Journal for Numerical Methods in Engineering},
  volume={84},
  number={3},
  pages={253--304},
  year={2010},
  publisher={Wiley Online Library}
}
@article{golewski2012numerical,
  title={Numerical modelling crack propagation under Mode II fracture in plain concretes containing siliceous fly-ash additive using XFEM method},
  author={Golewski, GL and Golewski, P and Sadowski, T},
  journal={Computational Materials Science},
  volume={62},
  pages={75--78},
  year={2012},
  publisher={Elsevier}
}
@article{barkai2012crack,
  title={Crack initiation and path selection in brittle specimens: A novel experimental method and computations},
  author={Barkai, O and Menouillard, T and Song, J-H and Belytschko, T and Sherman, D},
  journal={Engineering Fracture Mechanics},
  volume={89},
  pages={65--74},
  year={2012},
  publisher={Elsevier}
}
@article{peng2017extended,
  title={An extended finite element method (XFEM) for linear elastic fracture with smooth nodal stress},
  author={Peng, Xuan and Kulasegaram, Sivakumar and Wu, SC and Bordas, SPA},
  journal={Computers \& Structures},
  volume={179},
  pages={48--63},
  year={2017},
  publisher={Elsevier}
}
@article{FRANC3D,
  title={FRANC3D Reference Manual},
  author={Fracture Analysis Consultants Inc},
  journal={},
  year={2016}
}
@article{Sierra,
  title={Sierra/solidmechanics Userâ€™s Guide 4th edn},
  author={Sandia National Laboratories},
  journal={},
  year={2015}
}
@article{xu2014modeling,
  title={Modeling of dynamic crack branching by enhanced extended finite element method},
  author={Xu, Dandan and Liu, Zhanli and Liu, Xiaoming and Zeng, Qinglei and Zhuang, Zhuo},
  journal={Computational Mechanics},
  volume={54},
  number={2},
  pages={489--502},
  year={2014},
  publisher={Springer}
}
@article{england1965crack,
  title={A crack between dissimilar media},
  author={England, AH},
  journal={J. appl. Mech},
  volume={32},
  number={2},
  pages={400--402},
  year={1965}
}


@article{bittencourt1996quasi,
  title={Quasi-automatic simulation of crack propagation for 2D LEFM problems},
  author={Bittencourt, TN and Wawrzynek, PA and Ingraffea, AR and Sousa, JL},
  journal={Engineering Fracture Mechanics},
  volume={55},
  number={2},
  pages={321--334},
  year={1996},
  publisher={Elsevier}
}
@article{miehe2010phase,
  title={A phase field model for rate-independent crack propagation: Robust algorithmic implementation based on operator splits},
  author={Miehe, Christian and Hofacker, Martina and Welschinger, Fabian},
  journal={Computer Methods in Applied Mechanics and Engineering},
  volume={199},
  number={45},
  pages={2765--2778},
  year={2010},
  publisher={Elsevier}
}
@article{version2012,
  title={6.12 Userâ€™s manual},
  author={Version, ABAQUS},
  journal={Inc. and Dassault systemes},
  year={2012}
}
@article{galvez1999fracture,
  title={Fracture of double-edge notched specimens under compression loading},
  author={G{\'a}lvez, JC and Elices, M and Cend{\'o}n, DA},
  journal={Construction Materials: Theory and Application},
  pages={95--105},
  year={1999}
}
@article{wells2001new,
  title={A new method for modelling cohesive cracks using finite elements},
  author={Wells, GN and Sluys, LJ},
  journal={International Journal for Numerical Methods in Engineering},
  volume={50},
  number={12},
  pages={2667--2682},
  year={2001},
  publisher={Wiley Online Library}
}
@article{moes2002extended,
  title={Extended finite element method for cohesive crack growth},
  author={Mo{\"e}s, Nicolas and Belytschko, Ted},
  journal={Engineering fracture mechanics},
  volume={69},
  number={7},
  pages={813--833},
  year={2002},
  publisher={Elsevier}
}
@article{mariani2003extended,
  title={Extended finite element method for quasi-brittle fracture},
  author={Mariani, Stefano and Perego, Umberto},
  journal={International Journal for numerical methods in engineering},
  volume={58},
  number={1},
  pages={103--126},
  year={2003},
  publisher={Wiley Online Library}
}