@article{bourdin_2008,
	title={The variational approach to fracture},
	author={Bourdin, Blaise and Francfort, Gilles A and Marigo, Jean-Jacques},
	journal={Journal of elasticity},
	volume={91},
	number={1-3},
	pages={5--148},
	year={2008},
	publisher={Springer}
}
@article{francfort_1998,
	title={Revisiting brittle fracture as an energy minimization problem},
	author={Francfort, Gilles A and Marigo, J-J},
	journal={Journal of the Mechanics and Physics of Solids},
	volume={46},
	number={8},
	pages={1319--1342},
	year={1998},
	publisher={Elsevier}
}
@article{barthelat_2007,
	title={An experimental investigation of deformation and fracture of nacre--mother of pearl},
	author={Barthelat, F and Espinosa, HD},
	journal={Experimental mechanics},
	volume={47},
	number={3},
	pages={311--324},
	year={2007},
	publisher={Springer}
}
@article{weaver_2010,
  title={Unifying design strategies in demosponge and hexactinellid skeletal systems},
  author={Weaver, James C and Milliron, Garrett W and Allen, Peter and Miserez, Ali and Rawal, Aditya and Garay, Javier and Thurner, Philipp J and Seto, Jong and Mayzel, Boaz and Friesen,   Larry Jon and others},
  journal={The Journal of Adhesion},
  volume={86},
  number={1},
  pages={72--95},
  year={2010},
  publisher={Taylor Francis}
}
@article{clegg_1990,
	title={A simple way to make tough ceramics},
	author={Clegg, WJ and Kendall, K and Alford, N McN and Button, TW and Birchall, JD},
	journal={Nature},
	volume={347},
	number={6292},
	pages={455--457},
	year={1990},
	publisher={Nature Publishing Group}
}
@article{borden_2012,
	title={A phase-field description of dynamic brittle fracture},
	author={Borden, Michael J and Verhoosel, Clemens V and Scott, Michael A and Hughes, Thomas JR and Landis, Chad M},
	journal={Computer Methods in Applied Mechanics and Engineering},
	volume={217},
	pages={77--95},
	year={2012},
	publisher={Elsevier}
}
@article{miehe_2010,
	title={Thermodynamically consistent phase-field models of fracture: Variational principles and multi-field FE implementations},
	author={Miehe, C and Welschinger, F and Hofacker, M},
	journal={International Journal for Numerical Methods in Engineering},
	volume={83},
	number={10},
	pages={1273--1311},
	year={2010},
	publisher={Wiley Online Library}
}
@article{xu_1994,
	title={Numerical simulations of fast crack growth in brittle solids},
	author={Xu, X-P and Needleman, Alan},
	journal={Journal of the Mechanics and Physics of Solids},
	volume={42},
	number={9},
	pages={1397--1434},
	year={1994},
	publisher={Elsevier}
}
@software{Mathematica_10pt1,
	title={Mathematica},
	author={Wolfram Research, Inc.},
	journal={Version 10.1},
	volume={},
	number={},
	pages={},
	year={2015},
	publisher={ Wolfram Research, Inc.}
}
@article{kuhn_2010,
  title={A continuum phase field model for fracture},
  author={Kuhn, Charlotte and M{\"u}ller, Ralf},
  journal={Engineering Fracture Mechanics},
  volume={77},
  number={18},
  pages={3625--3634},
  year={2010},
  publisher={Elsevier}
}
@article{dolbow_1999,
  title={A finite element method for crack growth without remeshing},
  author={Dolbow, John and Belytschko, T},
  journal={Int. J. Numer. Meth. Eng},
  volume={46},
  number={1},
  pages={131--150},
  year={1999}
}
@article{camacho_1996,
  title={Computational modelling of impact damage in brittle materials},
  author={Camacho, Godofredo T and Ortiz, M},
  journal={International Journal of solids and structures},
  volume={33},
  number={20},
  pages={2899--2938},
  year={1996},
  publisher={Elsevier}
}
@article{bourdin_2000,
  title={Numerical experiments in revisited brittle fracture},
  author={Bourdin, Blaise and Francfort, Gilles A and Marigo, Jean-Jacques},
  journal={Journal of the Mechanics and Physics of Solids},
  volume={48},
  number={4},
  pages={797--826},
  year={2000},
  publisher={Elsevier}
}
@book{ambrosio_1990a,
  title={On the approximation of free discontinuity problems},
  author={Ambrosio, Luigi and Tortorelli, Vincenzo Maria},
  year={1990},
  publisher={Scuola Normale Superiore}
}
@article{ambrosio_1990b,
  title={Approximation of functional depending on jumps by elliptic functional via t-convergence},
  author={Ambrosio, Luigi and Tortorelli, Vincenzo Maria},
  journal={Communications on Pure and Applied Mathematics},
  volume={43},
  number={8},
  pages={999--1036},
  year={1990},
  publisher={Wiley Online Library}
}
@article{mumford_1989,
  title={Optimal approximations by piecewise smooth functions and associated variational problems},
  author={Mumford, David and Shah, Jayant},
  journal={Communications on pure and applied mathematics},
  volume={42},
  number={5},
  pages={577--685},
  year={1989},
  publisher={Wiley Online Library}
}
}
@article{chambolle_2005,
  title={Addendum to ?An approximation result for special functions with bounded deformation?[J. Math. Pures Appl.(9) 83 (7)(2004) 929--954]: the N-dimensional case},
  author={Chambolle, Antonin},
  journal={Journal de math{\'e}matiques pures et appliqu{\'e}es},
  volume={84},
  number={1},
  pages={137--145},
  year={2005},
  publisher={Elsevier}
}
@article{evans_1990,
	title={Perspective on the development of high-toughness ceramics},
	author={Evans, Anthony G},
	journal={Journal of the American Ceramic society},
	volume={73},
	number={2},
	pages={187--206},
	year={1990},
	publisher={Wiley Online Library}
}
@article{song_2008,
  title={A comparative study on finite element methods for dynamic fracture},
  author={Song, Jeong-Hoon and Wang, Hongwu and Belytschko, Ted},
  journal={Computational Mechanics},
  volume={42},
  number={2},
  pages={239--250},
  year={2008},
  publisher={Springer}
}
@article{lasry_2010,
  title={eXtended finite element methods for thin cracked plates with Kirchhoff--Love theory},
  author={Lasry, J{\'e}r{\'e}mie and Pommier, Julien and Renard, Yves and Sala{\"u}n, Michel},
  journal={International Journal for Numerical Methods in Engineering},
  volume={84},
  number={9},
  pages={1115--1138},
  year={2010},
  publisher={Wiley Online Library}
}
@article{zhao_2014,
  title={A new iterative method for linear systems from XFEM},
  author={Zhao, Jianping and Hou, Yanren and Zheng, Haibiao and Tang, Bo},
  journal={Mathematical Problems in Engineering},
  volume={2014},
  year={2014},
  publisher={Hindawi Publishing Corporation}
}
@article{xiao_2007l,
  title={Incremental-secant modulus iteration scheme and stress recovery for simulating cracking process in quasi-brittle materials using XFEM},
  author={Xiao, QZ and Karihaloo, BL and Liu, XY},
  journal={International journal for numerical methods in engineering},
  volume={69},
  number={12},
  pages={2606--2635},
  year={2007},
  publisher={John Wiley \& Sons, Ltd., Baffins Lane Chichester W. Sussex PO 19 1 UD UK,}
}