@article{ambrosio1990approximation,
	title={Approximation of functional depending on jumps by elliptic functional via t-convergence},
	author={Ambrosio, Luigi and Tortorelli, Vincenzo Maria},
	journal={Communications on Pure and Applied Mathematics},
	volume={43},
	number={8},
	pages={999--1036},
	year={1990},
	publisher={Wiley Online Library}
}

@article{mumford1989optimal,
	title={Optimal approximations by piecewise smooth functions and associated variational problems},
	author={Mumford, David and Shah, Jayant},
	journal={Communications on pure and applied mathematics},
	volume={42},
	number={5},
	pages={577--685},
	year={1989},
	publisher={Wiley Online Library}
}

@article{francfort1998revisiting,
	title={Revisiting brittle fracture as an energy minimization problem},
	author={Francfort, Gilles A and Marigo, J-J},
	journal={Journal of the Mechanics and Physics of Solids},
	volume={46},
	number={8},
	pages={1319--1342},
	year={1998},
	publisher={Elsevier}
}

@article{bourdin2000numerical,
	title={Numerical experiments in revisited brittle fracture},
	author={Bourdin, Blaise and Francfort, Gilles A and Marigo, Jean-Jacques},
	journal={Journal of the Mechanics and Physics of Solids},
	volume={48},
	number={4},
	pages={797--826},
	year={2000},
	publisher={Elsevier}
}

@article{bourdin2008variational,
	title={The variational approach to fracture},
	author={Bourdin, Blaise and Francfort, Gilles A and Marigo, Jean-Jacques},
	journal={Journal of elasticity},
	volume={91},
	number={1-3},
	pages={5--148},
	year={2008},
	publisher={Springer}
}

@article{hakim2009laws,
	title={Laws of crack motion and phase-field models of fracture},
	author={Hakim, Vincent and Karma, Alain},
	journal={Journal of the Mechanics and Physics of Solids},
	volume={57},
	number={2},
	pages={342--368},
	year={2009},
	publisher={Elsevier}
}

@article{miehe2010,
  title={A phase field model for rate-independent crack propagation: Robust algorithmic implementation based on operator splits},
  author={Miehe, Christian and Hofacker, Martina and Welschinger, Fabian},
  journal={Computer Methods in Applied Mechanics and Engineering},
  volume={199},
  number={45},
  pages={2765--2778},
  year={2010},
  publisher={Elsevier}
}

@article{miehe2010phase,
	title={A phase field model for rate-independent crack propagation: Robust algorithmic implementation based on operator splits},
	author={Miehe, Christian and Hofacker, Martina and Welschinger, Fabian},
	journal={Computer Methods in Applied Mechanics and Engineering},
	volume={199},
	number={45},
	pages={2765--2778},
	year={2010},
	publisher={Elsevier}
}

@article{borden2012phase,
	title={A phase-field description of dynamic brittle fracture},
	author={Borden, Michael J and Verhoosel, Clemens V and Scott, Michael A and Hughes, Thomas JR and Landis, Chad M},
	journal={Computer Methods in Applied Mechanics and Engineering},
	volume={217},
	pages={77--95},
	year={2012},
	publisher={Elsevier}
}

@article{ambati2015review,
	title={A review on phase-field models of brittle fracture and a new fast hybrid formulation},
	author={Ambati, Marreddy and Gerasimov, Tymofiy and De Lorenzis, Laura},
	journal={Computational Mechanics},
	volume={55},
	number={2},
	pages={383--405},
	year={2015},
	publisher={Springer}
}

@book{braides1998approximation,
	title={Approximation of free-discontinuity problems},
	author={Braides, Andrea},
	number={1694},
	year={1998},
	publisher={Springer Science \& Business Media}
}